% Encoding: UTF-8

@preamble{ " \newcommand{\noop}[1]{} " } % a do-nothing command that serves a purpose: http://tex.stackexchange.com/q/31384/12934

@Book{npn03,
  ALTauthor = 	 {},
  editor =	 {Nicholas Evans},
  title = 	 {The non-{Pama}-{Nyungan} languages of northern {Australia}: {Comparative} studies of the continent's most linguistically complex region},
  publisher = 	 {Pacific Linguistics},
  year = 	 {2003},
  OPTkey = 	 {},
  OPTvolume = 	 {},
  OPTnumber = 	 {},
  OPTseries = 	 {},
  address =	 {Canberra},
  OPTedition = 	 {},
  OPTmonth = 	 {},
  OPTnote = 	 {},
  OPTannote = 	 {}
}

@Book{qnl95,
  ALTauthor = 	 {},
  title = 	 {Quantification in Natural Languages},
  year =	 {1995},
  ALTdate = 	 {},
  OPTkey = 	 {},
  editor =	 {Emmon Bach and Eloise Jelinek and Angelika Kratzer and Barbara Hall Partee},
  OPTeditora = 	 {},
  OPTeditorb = 	 {},
  OPTeditorc = 	 {},
  OPTtranslator = {},
  OPTannotator = {},
  OPTcommentator = {},
  OPTintroduction = {},
  OPTforeword =  {},
  OPTafterword = {},
  OPTsubtitle =  {},
  OPTtitleaddon = {},
  OPTmaintitle = {},
  OPTmainsubtitle = {},
  OPTmaintitleaddon = {},
  OPTlanguage =  {},
  OPToriglanguage = {},
  OPTvolume = 	 {},
  OPTpart = 	 {},
  OPTedition = 	 {},
  OPTvolumes = 	 {},
  series =	 {Studies in Linguistics and Philosophy},
  number =	 {54},
  OPTnote = 	 {},
  publisher =	 {Springer},
  location =	 {Dordrecht},
  OPTisbn = 	 {},
  OPTchapter = 	 {},
  OPTpages = 	 {},
  OPTpagetotal = {},
  OPTaddendum =  {},
  OPTpubstate =  {},
  OPTdoi = 	 {},
  OPTeprint = 	 {},
  OPTeprintclass = {},
  OPTeprinttype = {},
  OPTurl = 	 {},
  OPTurldate = 	 {},
  OPTannote = 	 {}
}

@Book{hbq12,
  ALTauthor = 	 {},
  title = 	 {Handbook of Quantifiers in Natural Language},
  year =	 {2012},
  ALTdate = 	 {},
  OPTkey = 	 {},
  editor =	 {Edward L. Keenan and Denis Paperno},
  OPTeditora = 	 {},
  OPTeditorb = 	 {},
  OPTeditorc = 	 {},
  OPTtranslator = {},
  OPTannotator = {},
  OPTcommentator = {},
  OPTintroduction = {},
  OPTforeword =  {},
  OPTafterword = {},
  OPTsubtitle =  {},
  OPTtitleaddon = {},
  OPTmaintitle = {},
  OPTmainsubtitle = {},
  OPTmaintitleaddon = {},
  OPTlanguage =  {},
  OPToriglanguage = {},
  OPTvolume = 	 {},
  OPTpart = 	 {},
  OPTedition = 	 {},
  OPTvolumes = 	 {},
  series =	 {Studies in Linguistics and Philosophy},
  number =	 {90},
  OPTnote = 	 {},
  publisher =	 {Springer},
  OPTlocation =  {},
  OPTisbn = 	 {},
  OPTchapter = 	 {},
  OPTpages = 	 {},
  OPTpagetotal = {},
  OPTaddendum =  {},
  OPTpubstate =  {},
  OPTdoi = 	 {10.1007/978-94-007-2681-9},
  OPTeprint = 	 {},
  OPTeprintclass = {},
  OPTeprinttype = {},
  OPTurl = 	 {},
  OPTurldate = 	 {},
  OPTannote = 	 {}
}

@Book{hbq17,
  ALTauthor = 	 {},
  title = 	 {Handbook of Quantifiers in Natural Language},
  year =	 {2017},
  ALTdate = 	 {},
  OPTkey = 	 {},
  editor =	 {Denis Paperno and Edward L. Keenan},
  OPTtitleaddon = {},
  OPTmaintitle = {},
  OPTmainsubtitle = {},
  OPTmaintitleaddon = {},
  volume =	 {II},
  OPTpart = 	 {},
  OPTedition = 	 {},
  OPTvolumes = 	 {},
  series =	 {Studies in Linguistics and Philosophy},
  number =	 {97},
  OPTnote = 	 {},
  publisher =	 {Springer},
  OPTlocation =  {},
  OPTisbn = 	 {},
  OPTpagetotal = {},
  OPTaddendum =  {},
  OPTpubstate =  {},
  doi =		 {10.1007/978-3-319-44330-0},
  OPTeprint = 	 {},
  OPTeprintclass = {},
  OPTeprinttype = {},
  OPTurl = 	 {},
  OPTurldate = 	 {},
  OPTannote = 	 {}
}

@Collection{qclp08,
  editor = 	 {Lisa Matthewson},
  title = 	 {Quantification: A Cross-Linguistic Perspective},
  year =	 {2008},
  ALTdate = 	 {},
  OPTkey = 	 {},
  OPTeditora = 	 {},
  OPTeditorb = 	 {},
  OPTeditorc = 	 {},
  OPTtranslator = {},
  OPTannotator = {},
  OPTcommentator = {},
  OPTintroduction = {},
  OPTforeword =  {},
  OPTafterword = {},
  OPTsubtitle =  {},
  OPTtitleaddon = {},
  OPTmaintitle = {},
  OPTmainsubtitle = {},
  OPTmaintitleaddon = {},
  OPTlanguage =  {},
  OPToriglanguage = {},
  OPTvolume = 	 {},
  OPTpart = 	 {},
  OPTedition = 	 {},
  OPTvolumes = 	 {},
  series =	 {North Holland Linguistic Series},
  number =	 {64},
  OPTnote = 	 {},
  publisher =	 {Emerald Group Publishing Limited},
  location =	 {Bingley},
  OPTisbn = 	 {},
  OPTchapter = 	 {},
  OPTpages = 	 {},
  OPTpagetotal = {},
  OPTaddendum =  {},
  OPTpubstate =  {},
  OPTdoi = 	 {},
  OPTeprint = 	 {},
  OPTeprintclass = {},
  OPTeprinttype = {},
  OPTurl = 	 {},
  OPTurldate = 	 {},
  OPTannote = 	 {}
}

@Book{shopen07ii,
  ALTauthor = 	 {},
  editor =	 {Timothy Shopen},
  title = 	 {Language Typology and Syntactic Description},
  publisher = 	 {Cambridge University Press},
  year = 	 {2007},
  OPTkey = 	 {},
  volume =	 {II: Complex Constructions},
  OPTnumber = 	 {},
  OPTseries = 	 {},
  address =	 {Cambridge/New York},
  edition =	 {second edition},
  OPTmonth = 	 {},
  OPTnote = 	 {},
  OPTannote = 	 {}
}
                  
@Book{shopen07iii,
  ALTauthor = 	 {},
  editor =	 {Timothy Shopen},
  title = 	 {Language Typology and Syntactic Description},
  publisher = 	 {Cambridge University Press},
  year = 	 {2007},
  OPTkey = 	 {},
  volume =	 {III: Grammatical Categories and the Lexicon},
  OPTnumber = 	 {},
  OPTseries = 	 {},
  address =	 {Cambridge/New York},
  edition =	 {second edition},
  OPTmonth = 	 {},
  OPTnote = 	 {},
  OPTannote = 	 {}
}

@Collection{inalien96,
  editor = 	 {Hilary Chappell and William McGregor},
  title = 	 {The Grammar of Inalienability},
  year =	 {1996},
  ALTdate = 	 {},
  OPTkey = 	 {},
  OPTeditora = 	 {},
  OPTeditorb = 	 {},
  OPTeditorc = 	 {},
  OPTsubtitle =  {},
  titleaddon =	 {A Typological Perspective on Body Part Terms and the Part-Whole Relation},
  OPTmaintitle = {},
  OPTmainsubtitle = {},
  OPTmaintitleaddon = {},
  OPTlanguage =  {},
  OPToriglanguage = {},
  OPTvolume = 	 {},
  OPTpart = 	 {},
  OPTedition = 	 {},
  OPTvolumes = 	 {},
  OPTseries = 	 {EALT},
  OPTnumber = 	 {14},
  OPTnote = 	 {},
  publisher =	 {Mouton de Gruyter},
  location =	 {Berlin/New York},
  OPTisbn = 	 {},
  OPTpagetotal = {},
  OPTaddendum =  {},
  OPTpubstate =  {},
  OPTdoi = 	 {},
  OPTannote = 	 {}
}

@Book{kochNordlinger,
  ALTauthor = 	 {},
  editor =	 {Harold Koch and Rachel Nordlinger},
  title = 	 {The Languages and Linguistics of {Australia}},
  publisher = 	 {Walter de Gruyter GmbH},
  year = 	 {2014},
  OPTkey = 	 {},
  OPTvolume = 	 {},
  OPTnumber = 	 {},
  OPTseries = 	 {},
  address =	 {Berlin/Boston},
  OPTannote = 	 {}
}

@BOOK{allen96,
  title = {Aspects of argument structure acquisition in {Inuktitut}},
  publisher = {John Benjamins Publishing Company},
  year = {1996},
  author = {Shanley E. M. Allen}
}

@INCOLLECTION{adyghe_intro,
  author = {Peter M. Arkadiev and Yury A. Lander and Alexander B. Letuchiy and Nina R. Sumbatova and Yakov G. Testelets},
  title = {Osnovnye svedenija ob adygejskom jazyke [{General} information about {Adyghe}]},
  booktitle = {Aspekty polisintetizma: ocherki po grammatike adygejskogo jazyka	[{Aspects} of Polysynthesis: Essays in {Adyghe} Grammar]},
  publisher = {RSUH},
  year = {2009},
  editor = {Yakov G. Testelets and Peter M. Arkadiev and Alexander B. Letuchiy and Nina R. Sumbatova},
  pages = {17--120},
  address = {Moscow}
}

@BOOK{baddeley86,
  title = {Working memory},
  publisher = {Oxford University Press},
  year = {1986},
  author = {Baddeley, Alan David},
  address = {New York}
}

@MISC{qvi12,
  author = {Jena Barchas-Lichtenstein and Michael Galant and Ivan Kapitonov and	Yun J. Kim and Natasha Korotkova and Sadie Martin and Pam Munro and Jos Tellings},
  title = {Notes on {Quichua} as spoken by {Emilia} {Chuqu\'{i}n}},
  howpublished = {Linguistics 210\textsc{a} ms., UCLA},
  year = {2012}
}

@INCOLLECTION{bowermanchoi03,
  author = {Melissa Bowerman and Soonja Choi},
  title = {Space under construction: Language-specific spatial categorization
	in first language acquisition},
  booktitle = {Language in mind: Advances in the study of language and thought},
  publisher = {MIT Press},
  year = {2003},
  editor = {D. Gentner and S. Goldin-Meadow},
  pages = {387--427},
  address = {Cambridge}
}

@BOOK{brown73,
  title = {A first language: The early stages},
  publisher = {Harvard U. Press},
  year = {1973},
  author = {Roger Brown},
  address = {Oxford}
}

@BOOK{cole82,
  title = {Imbabura Quechua},
  publisher = {North-Holland Publishing Company},
  year = {1982},
  author = {Peter Cole},
  address = {Amsterdam}
}

@INCOLLECTION{cragoallen98,
  author = {Martha B. Crago and Shanley E. M. Allen},
  title = {Acquiring Inuktitut},
  booktitle = {Language acquisition across {North} {America}: {Cross}-cultural and cross-linguistic perspectives},
  publisher = {Singular Publishing Group},
  year = {1998},
  editor = {O. Taylor and L. Leonard},
  pages = {245--279},
  address = {San Diego}
}

@BOOK{crainthornton98,
  title = {Investigations in {Universal} {Grammar}: {A} guide to experiments on the acquisition of syntax and semantics},
  publisher = {MIT Press},
  year = {1998},
  author = {Stephen Crain and Rosalind Thornton}
}

@ARTICLE{dns_07,
  author = {De~Neys, Wim and Schaeken, Walter},
  title = {When People Are More Logical Under Cognitive Load: Dual Task Impact on Scalar Implicature},
  journal = {Experimental Psychology},
  year = {2007},
  volume = {54},
  pages = {128--133},
  number = {2}
}

@ARTICLE{fortescue84,
  author = {Michael Fortescue},
  title = {Learning to speak {Greenlandic}: a case study of a two-year-old's morphology in a polysynthetic language},
  journal = {First Language},
  year = {1984},
  volume = {5},
  pages = {101--113},
  number = {14}
}

@INCOLLECTION{acqwg92,
  author = {Michael Fortescue and L. Lennert Olsen},
  title = {The acquisition of {West} {Greenlandic}},
  booktitle = {The crosslinguistic study of language acquisition, vol.3},
  publisher = {Lawrence Erlbaum Associates, Inc.},
  year = {1992},
  editor = {Dan Isaac Slobin},
  pages = {111--219},
  address = {Hillsdale}
}

@ARTICLE{giannakidoucheng06,
  author = {Anastasia Giannakidou and Lisa Lai-Shen Cheng},
  title = {({In}){Definiteness}, Polarity, and the Role of \textit{wh}-morphology in {Free} {Choice}},
  journal = {Journal of Semantics},
  year = {2006},
  volume = {23},
  pages = {135--183},
  number = {2},
  publisher = {Oxford Univ Press}
}

@MISC{wals_46,
  author = {Martin Haspelmath},
  title = {{WALS} Ch.~46: Indefinite Pronouns},
  howpublished = {\url{http://wals.info/chapter/46}},
  month = nov,
  year = {2012}
}

@BOOK{haspelmath97,
  title = {Indefinite Pronouns},
  publisher = {Clarendon Press},
  year = {1997},
  author = {Martin Haspelmath},
  address = {Oxford}
}

@Article{haspelmath05,
  author = 	 {Martin Haspelmath},
  title = 	 {Argument Marking in Ditransitive Alignment Types},
  journal = 	 {},
  year = 	 {2005},
  OPTkey = 	 {},
  journaltitle = {Linguistic Discovery},
  OPTtranslator = {},
  OPTannotator = {},
  OPTcommentator = {},
  OPTsubtitle =  {},
  OPTtitleaddon = {},
  OPTeditor = 	 {},
  OPTeditora = 	 {},
  OPTeditorb = 	 {},
  OPTeditorc = 	 {},
  OPTjournalsubtitle = {},
  OPTissuetitle = {},
  OPTissuesubtitle = {},
  OPTlanguage =  {},
  OPToriglanguage = {},
  OPTseries = 	 {},
  volume =	 {3},
  OPTnumber = 	 {},
  OPTeid = 	 {},
  issue =	 {1},
  OPTmonth = 	 {},
  OPTpages = 	 {},
  OPTversion = 	 {},
  OPTnote = 	 {},
  OPTissn = 	 {},
  OPTaddendum =  {},
  OPTpubstate =  {},
  doi =		 {10.1349/PS1.1537-0852.A.280},
  OPTeprint = 	 {},
  OPTeprintclass = {},
  OPTeprinttype = {},
  OPTurl =	 {http://journals.dartmouth.edu/cgi-bin/WebObjects/Journals.woa/1/xmlpage/1/article/280},
  OPTurldate =	 {27/10/16},
  OPTannote = 	 {}
}

@INPROCEEDINGS{kazaninaphillips00,
  author = {Nina Kazanina and Colin Phillips},
  title = {Coreference in Child {R}ussian: Distinguishing Syntactic and Discourse
	Constraints},
  booktitle = {Proceedings of the 25$^{th}$ Boston University Conference on Language
	Development},
  year = {2000},
  address = {Somerville, MA},
  publisher = {Cascadilla Press}
}

@UNPUBLISHED{m_ch_ms,
  author = {Marty, Paul and Chemla, Emmanuel},
  title = {Scalar implicatures: working memory and a comparison with `only'},
  note = {Ms. LSCP},
  year = {2011},
  date-added = {2011-03-05 19:07:11 +0100},
  date-modified = {2011-03-05 20:48:02 +0100}
}

@Collection{aspektypoly,
  editor = 	 {Yakov G. Testelets and Peter M. Arkadiev and Alexander B. Letuchiy and Nina R. Sumbatova},
  title = 	 {Aspekty polisintetizma: ocherki po grammatike adygejskogo jazyka [{Aspects} of {Polysynthesis}: {Essays} in {Adyghe} Grammar]},
  year =	 {2009},
  ALTdate = 	 {},
  OPTkey = 	 {},
  OPTintroduction = {},
  OPTforeword =  {},
  OPTafterword = {},
  OPTsubtitle =  {},
  OPTtitleaddon = {},
  OPTmaintitle = {},
  OPTmainsubtitle = {},
  OPTmaintitleaddon = {},
  OPTlanguage =  {},
  OPToriglanguage = {},
  publisher =	 {RSUH},
  location =	 {Moscow},
  OPTisbn = 	 {},
  OPTpagetotal = {},
  OPTdoi = 	 {},
  OPTurl = 	 {},
  OPTurldate = 	 {},
  OPTannote = 	 {}
}

@INCOLLECTION{mazurova09,
  author = {Yulia V. Mazurova},
  title = {Semantika lokativnyx preverbov p\textschwa- and \s{\^s}$_w$e- [{S}emantics of locative preverbs p\textschwa- and \s{\^s}$_w$e-]},
  booktitle = {Aspekty polisintetizma: ocherki po grammatike adygejskogo jazyka [{Aspects} of {Polysynthesis}: {Essays} in {Adyghe} Grammar]},
  publisher = {RSUH},
  year = {2009},
  editor = {Yakov G. Testelets and Peter M. Arkadiev and Alexander B. Letuchiy and Nina R. Sumbatova},
  pages = {429--453},
  address = {Moscow}
}

@InCollection{testelets09long,
  author = 	 {Yakov G. Testelets},
  title = 	 {Nevyrazhennye aktanty v polipredikativnoj konstrukcii [{Unexpressed} arguments in a multi-clausal construction]},
  OPTbooktitle = 	 {Aspekty polisintetizma: ocherki po grammatike adygejskogo jazyka [{Aspects} of {Polysynthesis}: {Essays} in {Adyghe} Grammar]},
  crossref =	 {aspektypoly},
  OPTkey =		 {},
  pages =	 {654--711},
  OPTpublisher =	 {RSUH},
  OPTyear =	 {2009},
  OPTeditor =	 {Yakov G. Testelets and Peter M. Arkadiev and Alexander B. Letuchiy and Nina R. Sumbatova},
  OPTchapter = 	 {},
  OPTaddress =	 {Moscow},
  OPTannote = 	 {}
}

@InCollection{testelets09,
  author = 	 {Yakov G. Testelets},
  title = 	 {Nevyrazhennye aktanty v polipredikativnoj konstrukcii [{Unexpressed} arguments in a multi-clausal construction]},
  booktitle = 	 {Testelets et al. (eds.) 2009},
  OPTcrossref =	 {aspektypoly},
  OPTkey =		 {},
  OPTpages =	 {654--711},
  OPTpublisher =	 {RSUH},
  OPTyear =	 {2009},
  OPTeditor =	 {Yakov G. Testelets and Peter M. Arkadiev and Alexander B. Letuchiy and Nina R. Sumbatova},
  OPTchapter = 	 {},
  OPTaddress =	 {Moscow},
  OPTannote = 	 {}
}

@ARTICLE{mithun89,
  author = {Marianne Mithun},
  title = {The acquisition of polysynthesis},
  journal = {Journal of Child Language},
  year = {1989},
  volume = {16},
  pages = {285--312},
  number = {2}
}

@BOOK{penka10,
  title = {Negative Indefinites},
  publisher = {Oxford Univ Press},
  year = {2010},
  author = {Doris Penka},
  owner = {vania},
  timestamp = {2013.03.19}
}

@ARTICLE{kadiweu99,
  author = {Filomena Sandalo and Peter Gordon},
  title = {Acquisition and Creolization of {C}ondition {C} ``violations'' in
	{K}adiw{\'e}u and {P}ortuguese},
  journal = {Cadernos de Estudos Ling{\"u}{\'\i}sticos},
  year = {1999},
  volume = {36},
  pages = {193--205}
}

@BOOK{tatevosov02,
  title = {Semantika sostavljajuschix imennoj gruppy: Kvantornye slova. [Semantics of the Noun Phrase constituents: Quantifiers]},
  publisher = {IMLI RAN},
  year = {2002},
  author = {Sergei G. Tatevosov},
  address = {Moscow}
}

@Book{tatevosov02ru,
  author =	 {Сергей Георгиевич Татевосов},
  ALTeditor = 	 {},
  title = 	 {Семантика составляющих именной группы: Кванторные слова},
  publisher = 	 {ИМЛИ РАН},
  year = 	 {2002},
  OPTaddress = 	 {Москва},
  OPTedition = 	 {},
  OPTnote = 	 {},
  OPTannote = 	 {}
}

@phdthesis{schippers12,
  title = {The acquisition of particle verbs in Dutch},
  author = {Rianne Schippers},
  year = {2012},
  school = {Universiteit Utrecht}
}

@InCollection{gerasimovlander08,
  author = 	 {Dmitry Gerasimov and Yuri A. Lander},
  title = 	 {Релятивизация под маской номинализации и фактивный аргумент в адыгейском языке [{Relativization} in the guise of nominalization and the fact argument in {Adyghe}]},
  year =	 {2008},
  ALTdate = 	 {},
  OPTcrossref =  {},
  OPTkey = 	 {},
  booktitle =	 {Исследования по глагольной деривации},
  editor =	 {В.А. Плунгян and С.Г. Татевосов},
  OPTeditora = 	 {},
  OPTeditorb = 	 {},
  OPTeditorc = 	 {},
  OPTtranslator = {},
  OPTannotator = {},
  OPTcommentator = {},
  OPTintroduction = {},
  OPTforeword =  {},
  OPTafterword = {},
  OPTsubtitle =  {},
  OPTtitleaddon = {},
  OPTmaintitle = {},
  OPTmainsubtitle = {},
  OPTmaintitleaddon = {},
  OPTbooksubtitle = {},
  OPTbooktitleaddon = {},
  language =	 {Russian},
  OPToriglanguage = {},
  OPTvolume = 	 {},
  OPTpart = 	 {},
  OPTedition = 	 {},
  OPTvolumes = 	 {},
  OPTseries = 	 {},
  OPTnumber = 	 {},
  OPTnote = 	 {},
  publisher =	 {ЯСК},
  location =	 {Москва},
  OPTisbn = 	 {},
  OPTchapter = 	 {},
  pages =	 {290--313},
  OPTaddendum =  {},
  OPTpubstate =  {},
  OPTdoi = 	 {},
  OPTeprint = 	 {},
  OPTeprintclass = {},
  OPTeprinttype = {},
  OPTurl = 	 {},
  OPTurldate = 	 {},
  OPTannote = 	 {}
}

@misc{beslquant,
  title = {Non-quantificational distributive quantifiers in Besleney Kabardian},
  author = {Peter Arkadiev and Yury A. Lander},
  year = {2012},
  howpublished = {ms}
}

@Misc{arkhangelander13,
  OPTkey = 	 {},
  author =	 {Timofey Arkhangelskiy and Yury A. Lander},
  title =	 {Introduction to argument introduction in {Adyghe} [in {Russian}]},
  howpublished = {ms},
  month =	 {July},
  year =	 {2013},
  OPTnote = 	 {},
  OPTannote = 	 {}
}

@InCollection{landerkhangelskiy15,
  author = 	 {Yury A. Lander and Timofey Arkhangelskiy},
  title = 	 {Producing polysynthetic verb forms in {West} {Circassian} ({Adyghe}): an experimental study},
  booktitle = 	 {NRU HSE Basic Research Program Working Papers},
  OPTpublisher = {},
  year =	 {2015},
  OPTeditor = 	 {},
  OPTvolume = 	 {},
  OPTnumber = 	 {},
  series =	 {Linguistics},
  OPTtype = 	 {},
  OPTchapter = 	 {},
  OPTaddress = 	 {},
  OPTedition = 	 {},
  OPTannote = 	 {}
}

@MastersThesis{ik09,
  author = 	 {Ivan Kapitonov},
  title = 	 {Neopredelennye mestoimenija adygejskogo jazyka [{Indefinite} pronouns in {Adyghe}]},
  school = 	 {Russian State University for the Humanities},
  year = 	 {2009},
  OPTkey = 	 {},
  type =	 {Diploma},
  address =	 {Moscow},
  OPTmonth = 	 {},
  OPTnote = 	 {},
  OPTannote = 	 {}
}

@MastersThesis{kapitonov09,
  author = 	 {Иван Капитонов},
  title = 	 {Неопределённые местоимения адыгейского языка},
  school = 	 {Российский государственный гуманитарный университет},
  year = 	 {2009},
  OPTkey = 	 {},
  OPTtype = 	 {Дипломная работа},
  address =	 {Москва},
  OPTmonth = 	 {},
  OPTnote = 	 {},
  OPTannote = 	 {}
}

@INCOLLECTION{does_eijck96,
  author = {Jaap {v}an {d}er Does and Jan {v}an Eijck},
  title = {Basic Quantifier Theory},
  booktitle = {Quantifiers, logic and language},
  editor = {Jaap {v}an {d}er Does and Jan {v}an Eijck},
  publisher = {CSLI},
  year = {1996},
  pages = {1--46},
  address = {Stanford}
}

@Article{gutzmann07,
  author = 	 {Daniel Gutzmann},
  title = 	 {Eine {I}mplikatur konventioneller {A}rt: {D}er {D}ativus {E}thicus},
  journal = 	 {Linguistische Berichte},
  year = 	 {2007},
  OPTkey = 	 {},
  OPTvolume = 	 {},
  number = 	 {211},
  pages = 	 {277--308},
  OPTmonth = 	 {},
  OPTnote = 	 {},
  OPTannote = 	 {}
}

@InProceedings{potts02,
  author = 	 {Christopher Potts},
  title = 	 {No Vacuous Quantification Constraints in Syntax},
  year =	 {2002},
  ALTdate = 	 {},
  OPTcrossref =  {},
  OPTkey = 	 {},
  booktitle =	 {Proceedings of the {Northeast} {Linguistic} {Society} ({NELS}) 32},
  editor =	 {Masako Hirotani},
  OPTsubtitle =  {},
  OPTtitleaddon = {},
  OPTmaintitle = {},
  OPTmainsubtitle = {},
  OPTmaintitleaddon = {},
  OPTbooksubtitle = {},
  OPTbooktitleaddon = {},
  OPTeventtitle = {NELS 32},
  OPTeventdate = {2001},
  OPTvenue = 	 {CUNY/NYU},
  OPTlanguage =  {},
  volume =	 {2},
  OPTpart = 	 {},
  volumes =	 {2},
  OPTseries = 	 {},
  OPTnumber = 	 {},
  OPTnote = 	 {},
  OPTorganization = {},
  publisher =	 {GLSA Publications},
  location =	 {Amherst, MA},
  OPTmonth = 	 {},
  OPTisbn = 	 {},
  OPTchapter = 	 {},
  pages =	 {451--470},
  OPTaddendum =  {},
  OPTpubstate =  {},
  OPTdoi = 	 {},
  OPTeprint = 	 {},
  OPTeprintclass = {},
  OPTeprinttype = {},
  OPTurl = 	 {},
  OPTurldate = 	 {},
  OPTannote = 	 {}
}

@Book{potts05,
  author = 	 {Chris Potts},
  ALTeditor = 	 {},
  title = 	 {The Logic of Conventional Implicatures},
  publisher = 	 {Oxford University Press},
  year = 	 {2005},
  OPTkey = 	 {},
  OPTvolume = 	 {},
  OPTnumber = 	 {},
  OPTseries = 	 {},
  OPTaddress = 	 {},
  OPTedition = 	 {},
  OPTmonth = 	 {},
  OPTnote = 	 {},
  OPTannote = 	 {}
}

@Article{ars07,
  author = 	 {Patricia Amaral and Craige Roberts and E. Allyn Smith},
  title = 	 {Review of \textit{The Logic of Conventional Implicatures} by Chris Potts},
  journal = 	 {Linguistics and Philosophy},
  year = 	 {2007},
  OPTkey = 	 {},
  OPTvolume = 	 {30},
  OPTnumber = 	 {6},
  OPTpages = 	 {707--749},
  OPTmonth = 	 {},
  OPTnote = 	 {},
  OPTannote = 	 {}
}

@InCollection{horn13,
  author = 	 {Laurence R. Horn},
  title = 	 {I love me some datives: Expressive meaning, free datives, and {F}-implicature},
  booktitle = 	 {Beyond Expressives: Explorations in Use-Conditional Meaning},
  OPTcrossref =  {},
  OPTkey = 	 {},
  publisher = {Brill},
  year = 	 {2013},
  editor = 	 {Daniel Gutzmann and Hans-Martin G\"{a}rtner},
  OPTvolume = 	 {},
  OPTnumber = 	 {},
  OPTseries = 	 {},
  OPTtype = 	 {},
  OPTchapter = 	 {},
  OPTpages = 	 {},
  OPTedition = 	 {},
  OPTmonth = 	 {},
  address = 	 {Leiden},
  OPTnote = 	 {},
  OPTannote = 	 {}
}

@InProceedings{stbr10,
  author = 	 {Mandy Simons and Judith Tonhauser and David Beaver and Craige Roberts},
  title = 	 {What projects and why},
  OPTcrossref =  {},
  OPTkey = 	 {},
  booktitle = {Semantics and Linguistic Theory},
  year = 	 {2010},
  OPTeditor = 	 {},
  volume = 	 {21},
  OPTnumber = 	 {},
  OPTseries = 	 {},
  pages = 	 {309--327},
  OPTmonth = 	 {},
  address = 	 {Ithaca},
  OPTorganization = {},
  publisher = {CLC Publications},
  OPTnote = 	 {},
  OPTannote = 	 {}
}

@Misc{letuchy08,
  OPTkey = 	 {},
  author = 	 {Alexander Letuchiy},
  title = 	 {Russkiy ``ugrozativ'' i ego rodstvenniki [{Russian} construction of threat and its relatives]},
  howpublished = {retrieved from http://aletuchiy.narod.ru/},
  OPTmonth = 	 {},
  year = 	 {2008},
  OPTnote = 	 {},
  OPTannote = 	 {}
}

@ARTICLE{vdsandt92,
  author = {Rob A. van der Sandt},
  title = {{Presupposition} Projection as Anaphora Resolution},
  journal = {Journal of Semantics},
  year = {1992},
  volume = {9},
  pages = {333-378},
  number = {4},
  owner = {vania},
  timestamp = {2011.12.25}
}

@ARTICLE{rooth92,
  author = {Mats Rooth},
  title = {A Theory of Focus Interpretation},
  journal = {Natural Language Semantics},
  year = {1992},
  volume = {1},
  pages = {75--116},
  owner = {vania},
  timestamp = {2012.06.04}
}

@ARTICLE{buring03,
  author = {Daniel B{\"u}ring},
  title = {On {D}-trees, beans, and {B}-accents},
  journal = {Linguistics and Philosophy},
  year = {2003},
  volume = {26},
  pages = {511--545},
  number = {5},
  owner = {vania},
  timestamp = {2012.08.27},
  url = {http://www.jstor.org/stable/25001898}
}

@Thesis{dyakonova09,
  author = 	 {Marina Dyakonova},
  title = 	 {A Phase-based Approach to {Russian} Free Word Order},
  type = 	 {PhD thesis},
  institution =  {Universiteit van Amsterdam},
  year =	 {2009},
  ALTdate = 	 {},
  OPTurl = 	 {},
  OPTurldate = 	 {},
  OPTannote = 	 {}
}

@article{potts07,
  Author = {Potts, Christopher},
  Journal = {Philosophy Compass},
  Number = {2},
  Pages = {665--679},
  Title = {Into the Conventional-Implicature Dimension},
  Volume = {4},
  Year = {2007}}

@Article{hamblin73,
  author = 	 {Charles Leonard Hamblin},
  title = 	 {Questions in Montague English},
  journal = 	 {Foundations of Language},
  year = 	 {1973},
  OPTkey = 	 {},
  volume = 	 {10},
  number = 	 {1},
  pages = 	 {41--53},
  OPTmonth = 	 {},
  OPTnote = 	 {},
  OPTannote = 	 {}
}



@Article{mccready10,
  author = 	 {Eric McCready},
  title = 	 {Varieties of conventional implicature},
  journal = 	 {Semantics and Pragmatics},
  year = 	 {2010},
  OPTkey = 	 {},
  volume = 	 {3},
  OPTnumber = 	 {},
  pages = 	 {1--57},
  OPTmonth = 	 {},
  OPTnote = 	 {},
  OPTannote = 	 {}
}
@InCollection{neelemanetal09,
  author = 	 {Ad Neeleman and  Elena Titov and Hans van de Koot and Reiko Vermeulen},
  title = 	 {A syntactic typology of topic, focus and contrast},
  booktitle = 	 {Alternatives to cartography},
  OPTcrossref =  {},
  OPTkey = 	 {},
  pages = 	 {15--52},
  publisher = {Mouton de Gruyter},
  year = 	 {2009},
  editor = 	 {Jeroen van Craenenbroeck},
  OPTvolume = 	 {},
  OPTnumber = 	 {},
  OPTseries = 	 {},
  OPTtype = 	 {},
  OPTchapter = 	 {},
  address = 	 {Berlin},
  OPTedition = 	 {},
  OPTmonth = 	 {},
  OPTnote = 	 {},
  OPTannote = 	 {}
}

@Article{kiss98,
  author = 	 {Katalin \'{E}. Kiss},
  title = 	 {Identificational Focus versus Information Focus},
  journal = 	 {Language},
  year = 	 {1998},
  OPTkey = 	 {},
  volume = 	 {74},
  number = 	 {2},
  pages = 	 {245--273},
  OPTmonth = 	 {},
  OPTnote = 	 {},
  OPTannote = 	 {}
}
%% now bibtex wouldn't print the diacritic on her second name -- and only if it is a second name

@article{anderboisetal13,
title = {At-issue proposals and appositive impositions in discourse},
author = {Scott AnderBois and Adrian Brasoveanu and Robert Henderson},
url = {http://jos.oxfordjournals.org/content/early/2013/11/25/jos.fft014.full.pdf?keytype=ref&ijkey=s4YQEd7lbj4LhAH},
year = {2013},
date = {2013-12-21},
journal = {Journal of Semantics},
keywords = {}
}

@InCollection{hajicovasgall04,
  author = 	 {Eva Haji{\v{c}}ov{\'a} and Petr Sgall},
  title = 	 {Degrees of Contrast and the Topic-Focus Articulation},
  booktitle = 	 {Information Structure: Theoretical and Empirical Aspects},
  pages = 	 {1--14},
  publisher = {Walter de Gruyter},
  year = 	 {2004},
  editor = 	 {Anita Steube},
  OPTvolume = 	 {},
  OPTnumber = 	 {},
  OPTseries = 	 {},
  OPTtype = 	 {},
  OPTchapter = 	 {},
  OPTaddress = 	 {}
}

@Article{kw_10_ce,
  author = 	 {Andreas Konietzko and Susanne Winkler},
  title = 	 {Contrastive ellipsis: Mapping between syntax and information structure},
  journal = 	 {Lingua},
  year = 	 {2010},
  volume = 	 {120},
  OPTnumber = 	 {},
  pages = 	 {1436--1457}
}

@Article{colehermon81,
  author = 	 {Peter Cole and Gabriella Hermon},
  title = 	 {Subjecthood and Islandhood: Evidence from Quechua},
  journal = 	 {Linguistic Inquiry},
  year = 	 {1981},
  OPTkey = 	 {},
  volume = 	 {12},
  number = 	 {1},
  pages = 	 {1--30}
}

@InCollection{kiparsky02,
  author = 	 {Paul Kiparsky},
  title = 	 {Disjoint reference and the typology of pronouns},
  booktitle = 	 {More than Words},
  OPTcrossref =  {},
  OPTkey = 	 {},
  publisher =	 {Akademie Verlag},
  year =	 {2002},
  editor =	 {Ingrid Kaufmann and Barbara Stiebels},
  OPTvolume = 	 {},
  OPTnumber = 	 {},
  OPTseries = 	 {},
  OPTtype = 	 {},
  OPTchapter = 	 {},
  pages =	 {179--226},
  OPTedition = 	 {},
  OPTmonth = 	 {},
  address =	 {Berlin},
  OPTnote = 	 {},
  OPTannote = 	 {}
}

@PhdThesis{gomezrendon08,
  author = 	 {Jorge G\'{o}mez-Rend\'{o}n},
  title = 	 {Typological and social constraints on language contact: Amerindian languages in contact with Spanish (vol. 1)},
  school = 	 {University of Amsterdam},
  year = 	 {2008},
  OPTkey = 	 {},
  OPTtype = 	 {},
  OPTaddress = 	 {},
  OPTmonth = 	 {},
  OPTnote = 	 {},
  OPTannote = 	 {}
}

@Misc{testelets14,
  OPTkey = 	 {},
  author = 	 {Yakov Georgievich Testelets},
  title = 	 {Typology of anaphoric elements},
  howpublished = {HSE Formal Semantics class handout},
  month = 	 {April},
  year = 	 {2014},
  OPTnote = 	 {},
  OPTannote = 	 {}
}

@Book{jake85,
  author = 	 {Janice Lynn Jake},
  ALTeditor = 	 {},
  title = 	 {Grammatical Relations in Imbabura Quechua},
  publisher = 	 {Garland Publishing, Inc.},
  year = 	 {1985},
  OPTkey = 	 {},
  OPTvolume = 	 {},
  OPTnumber = 	 {},
  OPTseries = 	 {Outstanding Dissertations in Linguistics},
  OPTaddress = 	 {},
  OPTedition = 	 {},
  OPTmonth = 	 {},
  OPTnote = 	 {},
  OPTannote = 	 {}
}

@Book{apazhevkokov,
  author = 	 {Апажев, Мухамед Локманович and Коков, Джамалдин Нахович},
  title = 	 {Кабардино-черкесско-русский словарь: Около 27000 слов},
  publisher = 	 {Эльбрус},
  year = 	 {2008},
  address = 	 {Нальчик},
  OPTannote = 	 {}
}

@Book{kardanov,
  editor = 	 {Карданов, Буба Мацикович},
  title = 	 {Кабардино-русский словарь},
  publisher = 	 {Государственное издательство иностранных и национальных словарей},
  year = 	 {1957},
  address = 	 {Москва},
  OPTannote = 	 {}
}

@PhdThesis{lidz96,
  author = 	 {Jeffrey L. Lidz},
  title = 	 {Dimensions of Reflexivity},
  school = 	 {University of Delaware},
  year = 	 {1996},
  OPTannote = 	 {}
}

@incollection{heine2000,
  title={Polysemy involving reflexive and reciprocal markers in {A}frican languages},
  author={Bernd Heine},
  booktitle={Reciprocals: forms and functions},
  editor={Zygmunt Frajzyngier and Traci S. Curl},
  pages={1--30},
  year={2000},
  publisher = {John Benjamins}
}

@Article{horvathsiloni,
  author = 	 {Julia Horvath and Tal Siloni},
  title = 	 {Causatives across components},
  journal = 	 {Natural Language and Linguistic Theory},
  year = 	 {2011},
  OPTkey = 	 {},
  volume =	 {29},
  OPTnumber = 	 {},
  pages =	 {657--704},
  OPTmonth = 	 {},
  OPTnote = 	 {},
  OPTannote = 	 {}
}

@Article{siloni95,
  author = 	 {Tal Siloni},
  title = 	 {On Participial Relatives and Complementizer {D}$^0$: {A} Case Study in {Hebrew} and {French}},
  journal = 	 {Natural Language and Linguistic Theory},
  year = 	 {1995},
  OPTkey = 	 {},
  volume =	 {13},
  number =	 {3},
  pages =	 {445--487},
  OPTmonth = 	 {Aug},
  OPTnote = 	 {Special Hebrew Issue},
  OPTannote = 	 {}
}

@Article{harleyritter02,
  author = 	 {Heidi Harley and Elizabeth Ritter},
  title = 	 {Person and Number in Pronouns: {A} Feature-Geometric Analysis},
  journal = 	 {Language},
  year = 	 {2002},
  OPTkey = 	 {},
  volume =	 {78},
  number =	 {3},
  pages =	 {482--526},
  OPTmonth = 	 {Sep},
  url = 	 {http://www.jstor.org/stable/3086897},
  OPTannote = 	 {}
}

@Misc{harley06,
  OPTkey = 	 {},
  author =	 {Heidi Harley},
  title =	 {On the causative construction},
  howpublished = {ms. [printed in Oxford Handbook of Japanese Linguistics in 2008]},
  OPTmonth = 	 {},
  year =	 {2006},
  OPTnote = 	 {},
  OPTannote = 	 {}
}

@Unpublished{jenacaus,
  author = 	 {Jena Barchas-Lichtenstein},
  title = 	 {Negation and Causatives},
  note = 	 {UCLA Field Methods class handout},
  OPTkey = 	 {},
  OPTmonth = 	 {},
  year =	 {2012},
  OPTannote = 	 {}
}

@InCollection{margo,
  author = 	 {Liudmila Nikolaeva},
  title = 	 {Quantifiers in Adyghe},
  booktitle = 	 {Handbook of Quantifiers in Natural Language},
  OPTcrossref =  {},
  OPTkey = 	 {},
  publisher =	 {Springer},
  year =	 {2012},
  editor =	 {Edward L. Keenan and Denis Paperno},
  OPTvolume = 	 {},
  number =	 {90},
  series =	 {Studies in Linguistics and Philosophy},
  OPTtype = 	 {},
  chapter =	 {2},
  pages =	 {21--82},
  OPTedition = 	 {},
  OPTmonth = 	 {},
  OPTaddress = 	 {},
  OPTnote = 	 {},
  OPTannote = 	 {}
}

@InCollection{keenan_paperno_12intro,
  author = 	 {Edward L. Keenan and Denis Paperno},
  title = 	 {Introduction},
  crossref =	 {hbq12},
  pages =	 {v--viii},
  OPTdoi = 	 {},
  OPTannote = 	 {}
}

@InCollection{keenan12,
  author = 	 {Edward L. Keenan},
  title = 	 {The Quantifier Questionnaire},
  crossref =	 {hbq12},
  chapter =	 {1},
  pages =	 {1--20},
  OPTannote = 	 {}
}

@Misc{popova11,
  OPTkey = 	 {},
  author =	 {Наталия Попова},
  title =	 {Условные, уступительные и некоторые другие обстоятельственные предложения},
  howpublished = {экспедиционный отчёт},
  OPTmonth = 	 {},
  year =	 {2011},
  OPTnote = 	 {},
  OPTannote = 	 {}
}

@InCollection{kuznecova09,
  author = 	 {Юлия Леонидовна Кузнецова},
  title = 	 {Модальность в адыгейском языке},
  booktitle = 	 {Аспекты полисинтетизма: очерки по грамматике адыгейского языка},
  OPTcrossref =  {},
  OPTkey = 	 {},
  publisher =	 {Российский государственный гуманитарный университет},
  year =	 {2009},
  editor =	 {Я.Г. Тестелец and П.М. Аркадьев and А.Б. Летучий and Н.Р. Сумбатова},
  OPTvolume = 	 {},
  OPTnumber = 	 {},
  OPTseries = 	 {},
  OPTtype = 	 {},
  OPTchapter = 	 {},
  pages =	 {287--328},
  OPTedition = 	 {},
  OPTmonth = 	 {},
  OPTaddress = 	 {Москва},
  OPTnote = 	 {},
  OPTannote = 	 {}
}

@Article{kiparsky12,
  author = 	 {Paul Kiparsky},
  title = 	 {Greek Anaphora in Cross-Linguistic Perspective},
  journal = 	 {Journal of Greek Linguistics},
  year = 	 {2012},
  OPTkey = 	 {},
  volume =	 {12},
  OPTnumber = 	 {},
  pages =	 {84--117},
  OPTmonth = 	 {},
  OPTnote = 	 {},
  OPTannote = 	 {}
}

@Article{payulsnip,
  author = 	 {Peter Arkadiev and Yury A. Lander},
  title = 	 {Non-quantificational distributive quantifiers in Besleney Kabardian},
  journal = 	 {Snippets},
  year = 	 {2013},
  OPTkey = 	 {},
  volume =	 {27},
  OPTnumber = 	 {},
  pages =	 {5--7},
  month =	 {September},
  OPTnote = 	 {},
  OPTannote = 	 {}
}

@Article{keenancomrie77,
  author = 	 {Edward L. Keenan and Bernard Comrie},
  title = 	 {Noun Phrase Accessibility and {Universal} {Grammar}},
  journal = 	 {Linguistic Inquiry},
  year = 	 {1977},
  OPTkey = 	 {},
  volume =	 {8},
  number =	 {1},
  pages =	 {63--99},
  OPTannote = 	 {}
}

@Article{keenan03,
  author = 	 {Edward L. Keenan},
  title = 	 {The Definiteness Effect: Semantics or Pragmatics?},
  journal = 	 {Natural Language Semantics},
  year = 	 {2003},
  OPTkey = 	 {},
  volume =	 {11},
  OPTnumber = 	 {},
  pages =	 {187--216},
  OPTmonth = 	 {},
  OPTnote = 	 {},
  OPTannote = 	 {}
}

@book{belyj1913,
    Address = {Москва},
    Author = {{\CYRA}ндрей Белый},
    Publisher = {Наука},
    Title = {Петербург},
    Year = {1981}}

@InCollection{gil95,
  author = 	 {David Gil},
  title = 	 {Universal Quantifiers and Distributivity},
  booktitle = 	 {Quantification in Natural Languages},
  OPTcrossref =  {},
  OPTkey = 	 {},
  pages =	 {321--362},
  publisher =	 {Kluwer},
  year =	 {1995},
  editor =	 {Emmon Bach and Eloise Jelinek and Angelika Kratzer and Barbara Hall Partee},
  OPTvolume = 	 {},
  OPTnumber = 	 {},
  OPTseries = 	 {},
  OPTtype = 	 {},
  chapter =	 {10},
  OPTaddress = 	 {},
  OPTedition = 	 {},
  OPTmonth = 	 {},
  OPTnote = 	 {},
  OPTannote = 	 {}
}

@Misc{dashamasha,
  OPTkey = 	 {},
  author =	 {Маша Кюсева and Даша Рыжова},
  title =	 {Лексика бесленеевского диалекта кабардино-черкесского языка: этюды и зарисовки},
  howpublished = {экспедиционный отчёт},
  OPTmonth = 	 {},
  year =	 {2013},
  OPTnote = 	 {},
  OPTannote = 	 {}
}

@InBook{talmy00,
  author =	 {Leonard Talmy},
  ALTeditor = 	 {},
  title = 	 {Toward the Cognitive Semantics},
  chapter = 	 {5: Figure and Ground in Language},
  publisher = 	 {The MIT Press},
  year = 	 {2000},
  OPTkey = 	 {},
  volume =	 {1},
  OPTnumber = 	 {},
  OPTseries = 	 {},
  OPTtype = 	 {},
  OPTaddress = 	 {},
  OPTedition = 	 {},
  OPTmonth = 	 {},
  pages =	 {311--344},
  OPTnote = 	 {},
  OPTannote = 	 {}
}

@Article{matthewson99,
  author = 	 {Lisa Matthewson},
  title = 	 {On the Interpretation of Wide-Scope Indefinites},
  journal = 	 {Natural Language Semantics},
  year = 	 {1999},
  OPTkey = 	 {},
  volume =	 {7},
  OPTnumber = 	 {},
  pages =	 {79--134},
  OPTmonth = 	 {},
  OPTnote = 	 {},
  OPTannote = 	 {}
}

@Article{matthewson04,
  author = 	 {Lisa Matthewson},
  title = 	 {On the methodology of semantic fieldwork},
  journal = 	 {International Journal of American Linguistics},
  year = 	 {2004},
  OPTkey = 	 {},
  volume =	 {70},
  number =	 {4},
  pages =	 {369--415}
}

@InProceedings{giannakidou02,
  author = 	 {Anastasia Giannakidou},
  title = 	 {Licensing and Sensitivity in Polarity Items: from Downward Entailment to (Non)veridicality},
  OPTcrossref =  {},
  OPTkey = 	 {},
  booktitle =	 {CLS},
  OPTpages = 	 {},
  year =	 {2002},
  OPTeditor = 	 {},
  volume =	 {39},
  OPTnumber = 	 {},
  OPTseries = 	 {},
  OPTaddress = 	 {},
  OPTmonth = 	 {},
  OPTorganization = {},
  OPTpublisher = {},
  OPTnote = 	 {},
  OPTannote = 	 {}
}

@Unpublished{kapitonov-moss,
  author = 	 {Ivan Kapitonov},
  title = 	 {Scope Reversal in Adyghe},
  note = 	 {poster at MOSS},
  OPTkey = 	 {},
  OPTmonth = 	 {},
  year =	 {2009},
  OPTannote = 	 {}
}

@Misc{ik14console,
  OPTkey = 	 {},
  author =	 {Ivan Kapitonov},
  title =	 {Russian {Threat} {Dative}},
  howpublished = {Talk at {ConSOLE} {XXII}},
  month =	 {January},
  year =	 {2014},
  OPTnote = 	 {},
  OPTannote = 	 {}
}

@Misc{ik16bun,
  author =	 {Ivan Kapitonov},
  ALTeditor = 	 {},
  title = 	 {Number in {Person's} Disguise: {Kunbarlang} Impoverishment},
  year =	 {2016},
  ALTdate = 	 {},
  OPTkey = 	 {},
  OPTsubtitle =  {},
  OPTtitleaddon = {},
  OPTlanguage =  {},
  howpublished = {Talk at {New} {Fields} for {Morphology}},
  OPTtype = 	 {},
  OPTversion = 	 {},
  OPTnote = 	 {},
  organization = {University of Melbourne},
  OPTlocation =  {},
  OPTdate = 	 {},
  OPTmonth = 	 {},
  OPTyear = 	 {},
  OPTaddendum =  {},
  OPTpubstate =	 {In~prep.},
  OPTdoi = 	 {},
  OPTeprint = 	 {},
  OPTeprintclass = {},
  OPTeprinttype = {},
  url =		 {https://www.academia.edu/30430933/Number_in_Persons_Disguise_Kunbarlang_Impoverishment},
  OPTurldate = 	 {},
  OPTannote = 	 {}
}

@incollection{grice67,
	volume = {3},
	author = {Herbert Paul Grice},
	booktitle = {Studies in the Way of Words},
	editor = {Paul Grice},
	title = {Logic and Conversation},
	publisher = {Harvard University Press},
	year = {1967},
	pages = {41--58}
}

@Article{schlenker-monkey,
  author = {Philippe Schlenker and Emmanuel Chemla and Kate Arnold and Alban Lemasson and Karim Ouattara and Sumir Keenan and Claudia Stephan and Robin Ryder and Klaus Zuberb\"uhler},
  title = 	 {Monkey Semantics: Two `Dialects' of {Campbell}'s Monkey Alarm Calls},
  journal = 	 {Linguistics and Philosophy},
  year = 	 {to~appear},
  OPTkey = 	 {},
  OPTvolume = 	 {},
  OPTnumber = 	 {},
  OPTpages = 	 {},
  OPTmonth = 	 {},
  OPTnote = 	 {},
  OPTannote = 	 {}
}

@Article{zbb99,
  author = 	 {Zuberb\"uhler, K. and Jenny, D. and Bshary, R.},
  title = 	 {The predator deterrence function of primate alarm calls},
  journal = 	 {Ethology},
  year = 	 {1999},
  OPTkey = 	 {},
  volume =	 {105},
  OPTnumber = 	 {},
  pages =	 {477--490},
  OPTmonth = 	 {},
  OPTnote = 	 {},
  OPTannote = 	 {}
}

@Article{papafragoutantalou,
  author = 	 {Anna Papafragou and Niki Tantalou},
  title = 	 {Children's computation of implicatures},
  journal = 	 {Language Acquisition},
  year = 	 {2004},
  OPTkey = 	 {},
  volume =	 {12},
  OPTnumber = 	 {},
  pages =	 {71--82},
  OPTmonth = 	 {},
  OPTnote = 	 {},
  OPTannote = 	 {}
}

@Article{iatridou2000,
  author = 	 {Sabine Iatridou},
  title = 	 {The Grammatical Ingredients of Counterfactuality},
  journaltitle = {Linguistic Inquiry},
  year =	 {2000},
  ALTdate = 	 {},
  OPTkey = 	 {},
  OPTseries = 	 {},
  volume =	 {31},
  number =	 {2},
  OPTeid = 	 {},
  OPTissue = 	 {},
  OPTmonth = 	 {},
  pages =	 {231--270},
  OPTversion = 	 {},
  OPTnote = 	 {},
  OPTissn = 	 {},
  OPTaddendum =  {},
  OPTpubstate =  {},
  OPTdoi = 	 {},
  OPTeprint = 	 {},
  OPTeprintclass = {},
  OPTeprinttype = {},
  OPTurl = 	 {},
  OPTurldate = 	 {},
  OPTannote = 	 {}
}

@Article{iatridou14,
  author = 	 {Sabine Iatridou},
  title = 	 {About determiners on event descriptions, about time being like space (when we talk), and about one particularly strange construction},
  journal = 	 {Natural Language Semantics},
  year = 	 {2014},
  OPTkey = 	 {},
  volume =	 {22},
  OPTnumber = 	 {},
  pages =	 {219--263},
  OPTmonth = 	 {},
  OPTnote = 	 {},
  OPTannote = 	 {}
}

@InCollection{iai01,
  author = 	 {Sabine Iatridou and Elena Anagnostopoulou and Roumyana Izvorski},
  title = 	 {Observations about the form and meaning of the {Perfect}},
  booktitle = 	 {Ken Hale: A Life in Language},
  OPTcrossref =  {},
  OPTkey = 	 {},
  pages =	 {189--238},
  publisher =	 {MIT Press},
  year =	 {2001},
  editor =	 {Michael J. Kenstowicz},
  OPTvolume = 	 {},
  OPTnumber = 	 {},
  OPTseries = 	 {},
  OPTtype = 	 {},
  OPTchapter = 	 {},
  OPTaddress = 	 {},
  OPTedition = 	 {},
  OPTmonth = 	 {},
  OPTnote = 	 {},
  OPTannote = 	 {}
}

@InCollection{pancheva03,
  author = 	 {Roumyana Pancheva},
  title = 	 {The aspectual makeup of {Perfect} participles and the interpretations of the {Perfect}},
  booktitle = 	 {Perfect Explorations},
  OPTcrossref =  {},
  OPTkey = 	 {},
  pages =	 {277--306},
  publisher =	 {Walter de Gruyter},
  year =	 {2003},
  editor =	 {Artemis Alexiadou and Monika Rathert and Arnim von Stechow},
  OPTvolume = 	 {},
  OPTnumber = 	 {},
  OPTseries = 	 {},
  OPTtype = 	 {},
  OPTchapter = 	 {},
  OPTaddress = 	 {},
  OPTedition = 	 {},
  OPTmonth = 	 {},
  OPTnote = 	 {},
  OPTannote = 	 {}
}

@Misc{iatridou_te,
  OPTkey = 	 {},
  author =	 {Sabine Iatridou},
  title =	 {Temporal Existentials?},
  howpublished = {Ms., MIT},
  OPTmonth = 	 {},
  year =	 {ms.},
  OPTnote = 	 {},
  OPTannote = 	 {}
}

@incollection{bunt07,
year={2007},
isbn={978-1-4020-5957-5},
booktitle={Computing Meaning},
volume={83},
series={Studies in Linguistics and Philosophy},
editor={Bunt, Harry and Muskens, Reinhard},
doi={10.1007/978-1-4020-5958-2_4},
title={Semantic Underspecification: Which Technique For What Purpose?},
url={http://dx.doi.org/10.1007/978-1-4020-5958-2_4},
publisher={Springer Netherlands},
author={Bunt, Harry},
pages={55-85},
language={English}
}

@Article{acqpol13,
  author = 	 {Barbara Kelly and Gillian Wigglesworth and Rachel Nordlinger and Joseph Blythe},
  title = 	 {The Acquisition of Polysynthetic Languages},
  journal = 	 {Language and Linguistics Compass},
  year = 	 {2013},
  OPTkey = 	 {},
  OPTvolume = 	 {},
  OPTnumber = 	 {},
  OPTpages = 	 {},
  OPTmonth = 	 {},
  OPTnote = 	 {},
  OPTannote = 	 {}
}

@PhdThesis{blythe09,
  author = 	 {Joe Blythe},
  title = 	 {Doing referring in {Murriny} {Patha} conversation},
  school = 	 {University of Sydney},
  year = 	 {2009}
}

@Article{xanthosetal12,
  author = 	 {A. Xanthos and S. Lahaa and S. Gillis and U. Stefany and A. Aksu-Koc and A. Christofidou and N. Gagarina and G. Hrzica and F. Nihan Ketrez and M. Kilani-Schoch and K. Korecky-Kroll and  M. Kovacevic and K. Laalo and M. Palmovic and B. Pfeiler and M. D. Voeikova and W. U. Dressler},
  title = 	 {On the role of morphological richness in the early development of noun and verb inflection},
  journal = 	 {First Language},
  year = 	 {2012},
  OPTkey = 	 {},
  volume =	 {31},
  number =	 {4},
  pages =	 {461--79},
  OPTmonth = 	 {},
  OPTnote = 	 {},
  OPTannote = 	 {}
}

@Article{courtneysavilletroike02,
  author = 	 {E. H. Courtney and M. Saville-Troike},
  title = 	 {Learning to construct verbs in {N}avajo and {Q}uechua},
  journal = 	 {Journal of Child Language},
  year = 	 {2002},
  OPTkey = 	 {},
  volume =	 {29},
  OPTnumber = 	 {},
  pages =	 {623--54},
  OPTmonth = 	 {},
  OPTnote = 	 {},
  OPTannote = 	 {}
}

@InCollection{demuth92,
  author = 	 {Katherine Demuth},
  title = 	 {Acquisition of {S}esotho},
  booktitle = 	 {The cross-linguistic study of language acquisition},
  OPTcrossref =  {},
  OPTkey = 	 {},
  publisher =	 {Lawrence Erlbaum},
  year =	 {1992},
  editor =	 {Dan Slobin},
  volume =	 {3},
  OPTnumber = 	 {},
  OPTseries = 	 {},
  OPTtype = 	 {},
  OPTchapter = 	 {},
  pages =	 {557--638},
  OPTedition = 	 {},
  OPTmonth = 	 {},
  address =	 {Hillsdale, NJ},
  OPTnote = 	 {},
  OPTannote = 	 {}
}

@InCollection{clahsen07,
  author = 	 {Harald Clahsen},
  title = 	 {Psycholinguistic perspectives on grammatical representations},
  booktitle = 	 {Roots: Linguistics in Search of Its Evidential Base},
  OPTcrossref =  {},
  OPTkey = 	 {},
  OPTpublisher = {Walter de Gruyter},
  year =	 {2007},
  editor =	 {Sam Featherston and Wolfgang Sternefeld},
  OPTvolume = 	 {},
  OPTnumber = 	 {},
  OPTseries = 	 {},
  OPTtype = 	 {},
  OPTchapter = 	 {},
  pages =	 {97--132},
  OPTedition = 	 {},
  OPTmonth = 	 {},
  OPTaddress = 	 {},
  OPTnote = 	 {},
  OPTannote = 	 {}
}

@InProceedings{chienbever06,
  author = 	 {C.L. Chien-Jer and Tomas Bever},
  title = 	 {Subject Preference in the Processing of relative Clauses in {C}hinese},
  OPTcrossref =  {},
  OPTkey = 	 {},
  booktitle =	 {Proceedings of the 25th West Coast Conference on Formal Linguistics},
  pages =	 {254--260},
  year =	 {2006},
  editor =	 {D. Baumer and D. Montero and M. Scanlon},
  OPTvolume = 	 {},
  OPTnumber = 	 {},
  OPTseries = 	 {},
  OPTaddress = 	 {},
  OPTmonth = 	 {},
  OPTorganization = {},
  OPTpublisher = {},
  OPTnote = 	 {},
  OPTannote = 	 {}
}

@Article{kwonetal10,
  author = 	 {Nayoung Kwon and Peter C. Gordon and Yoonhyoung Lee and Robert Kluender and Maria Polinsky},
  title = 	 {Cognitive and linguistic factors affecting subject/object asymmetry: An eye-tracking study of prenominal relative clauses in {K}orean},
  journal = 	 {Language},
  year = 	 {2010},
  OPTkey = 	 {},
  volume =	 {86},
  number =	 {3},
  pages =	 {546--582},
  OPTmonth = 	 {},
  OPTnote = 	 {},
  OPTannote = 	 {}
}

@InCollection{ishizuka05,
  author = 	 {T. Ishizuka},
  title = 	 {Processing Relative Clauses in {J}apanese},
  booktitle = 	 {UCLA Working Papers in Linguistics no.13, Papers in Psycholinguistics 2},
  OPTcrossref =  {},
  OPTkey = 	 {},
  pages =	 {135--157},
  OPTpublisher = {},
  year =	 {2005},
  OPTeditor = 	 {},
  OPTvolume = 	 {},
  OPTnumber = 	 {},
  OPTseries = 	 {},
  OPTtype = 	 {},
  OPTchapter = 	 {},
  OPTaddress = 	 {},
  OPTedition = 	 {},
  OPTmonth = 	 {},
  OPTnote = 	 {},
  OPTannote = 	 {}
}

@Article{uenogarnsey08,
  author = 	 {M. Ueno and S. Garnsey},
  title = 	 {An {ERP} study of the processing of subject and object relative clauses in {J}apanese},
  journal = 	 {Language and Cognitive Processes},
  year = 	 {2008},
  OPTkey = 	 {},
  volume =	 {23},
  OPTnumber = 	 {},
  pages =	 {646--688},
  OPTmonth = 	 {},
  OPTnote = 	 {},
  OPTannote = 	 {}
}

@Article{carreiras10,
  author = 	 {Manuel Carreiras and Jon Andoni Du\`{n}abeitia and Marta Vergara and Irene de la Cruz-Pav\'{i}a and Itziar Laka},
  title = 	 {Subject relative clauses are not universally easier to process: evidence from Basque},
  journal = 	 {Cognition},
  year = 	 {2010},
  OPTkey = 	 {},
  volume =	 {115},
  OPTnumber = 	 {},
  pages =	 {79--92},
  OPTmonth = 	 {},
  OPTnote = 	 {},
  OPTannote = 	 {}
}

@Article{polinskyavar12,
  author = 	 {Maria Polinsky and Carlos G\'omez Gallo and Peter Graff and Ekaterina Kravtchenko},
  title = 	 {Subject Preference and Ergativity},
  journal = 	 {Lingua},
  year = 	 {2012},
  OPTkey = 	 {},
  volume =	 {122},
  pages =	 {267--277},
  OPTmonth = 	 {},
  OPTnote = 	 {},
  OPTannote = 	 {}
}

@article{polinskymaya14,
year={2014},
issn={0167-806X},
journal={Natural Language and Linguistic Theory},
doi={10.1007/s11049-014-9260-x},
title={Ergativity and the complexity of extraction: a view from {Mayan}},
publisher={Springer Netherlands},
keywords={Ergativity; Mayan; Head-marking; Dependent-marking; Processing; Relative clauses; Subject preference},
author={Lauren Eby Clemens and Jessica Coon and Mateo Pedro Pedro and Adam Milton Morgan and Maria Polinsky and Gabrielle Tandet and Matthew Wagers},
pages={1-51},
language={English}
}

@Article{coonetal15,
  author = 	 {Jessica Coon and Pedro Mateo~Pedro and Omer Preminger},
  title = 	 {The Role of Case in {A}-Bar Extraction Asymmetries: Evidence from {Mayan}},
  journal = 	 {Language variation},
  year = 	 {\noop{3009}to~appear},
  OPTkey = 	 {},
  OPTvolume = 	 {},
  OPTnumber = 	 {},
  OPTpages = 	 {},
  OPTmonth = 	 {},
  OPTnote = 	 {},
  OPTannote = 	 {}
}

@InProceedings{kuno82,
  author = 	 {S. Kuno},
  title = 	 {The Focus of the Question and the Focus of the Answer},
  OPTcrossref =  {},
  OPTkey = 	 {},
  booktitle =	 {Papers from the Parasession on Nondeclaratives},
  year =	 {1982},
  editor =	 {R. Schneider and K. Tuite and R. Chametzky},
  OPTvolume = 	 {},
  OPTnumber = 	 {},
  OPTseries = 	 {},
  pages =	 {134--157},
  OPTmonth = 	 {},
  OPTaddress = 	 {},
  organization = {CLS},
  OPTpublisher = {},
  OPTnote = 	 {},
  OPTannote = 	 {}
}

@InCollection{polinskyse,
  author = 	 {Maria Polinsky},
  title = 	 {Syntactic ergativity},
  booktitle = 	 {The Companion to Syntax},
  OPTcrossref =  {},
  OPTkey = 	 {},
  OPTpages = 	 {},
  publisher =	 {Blackwell},
  year =	 {\noop{3001}in press},
  editor =	 {Martin Everaert and H. van Riemsdijk},
  chapter =	 {105},
  OPTaddress = 	 {},
  edition =	 {2},
  OPTmonth = 	 {},
  OPTnote = 	 {},
  OPTannote = 	 {}
}

@InCollection{wurmbrandtvc,
  author = 	 {Susi Wurmbrandt},
  title = 	 {Verb clusters, verb raising and restructuring},
  booktitle = 	 {The Companion to Syntax},
  OPTcrossref =  {},
  OPTkey = 	 {},
  OPTpages = 	 {},
  publisher =	 {Blackwell},
  year =	 {\noop{3010}in press},
  editor =	 {Martin Everaert and H. van Riemsdijk},
  OPTchapter = 	 {},
  OPTaddress = 	 {},
  edition =	 {2},
  url = 	 {http://ling.auf.net/lingbuzz/002433}
}

@article{kw10,
title = "Contrastive ellipsis: Mapping between syntax and information structure ",
journal = "Lingua ",
volume = "120",
number = "6",
pages = "1436--1457",
year = "2010",
note = "Contrast as an information-structural notion in grammar ",
issn = "0024-3841",
doi = "http://dx.doi.org/10.1016/j.lingua.2008.08.009",
url = "http://www.sciencedirect.com/science/article/pii/S0024384109001430",
author = "Andreas Konietzko and Susanne Winkler",
keywords = "Contrast",
keywords = "Topic",
keywords = "Focus",
keywords = "Information structure",
keywords = "Parallelism",
keywords = "Contrastive ellipsis "
}

@phdthesis{kinslow69,
  title={Descriptive and Comparative Study of the {Gunwingguan} Languages, {Northern} {Territory}},
  author={Joy Kinslow Harris},
  OPTurl={http://books.google.ru/books?id=dqSetgAACAAJ},
  year={1969},
  school={Australian National University}
}

@InCollection{harris69,
  author = 	 {Joy Kinslow Harris},
  title = 	 {Preliminary grammar of {Gunbalang}},
  booktitle = 	 {Papers in {Australian} linguistics no.~4},
  OPTcrossref =  {},
  OPTkey = 	 {},
  pages =	 {1--17},
  publisher =	 {Linguistic Circle of Canberra},
  year =	 {1969},
  editor =	 {Joy Kinslow Harris and Stephen A. Wurm and Donald C. Laycock},
  OPTvolume = 	 {},
  number =	 {17},
  series =	 {Pacific Linguistics, Series A},
  OPTtype = 	 {},
  OPTchapter = 	 {},
  address =	 {Canberra},
  OPTedition = 	 {},
  OPTmonth = 	 {},
  OPTnote = 	 {},
  OPTannote = 	 {}
}

@phdthesis{coleman82,
  title={A Grammar of {Gunbarlang}: With Special Reference to Grammatical Relations},
  author={Carolyn Coleman},
  OPTurl={http://books.google.ru/books?id=wpTItgAACAAJ},
  year={1982},
  OPTkey = 	 {},
  OPTvolume = 	 {},
  OPTnumber = 	 {},
  OPTseries = 	 {},
  OPTaddress = 	 {},
  OPTedition = 	 {},
  OPTmonth = 	 {},
  OPTnote = 	 {},
  OPTannote = 	 {},
  school = 	 {Australian National University},
  type = 	 {Sub-thesis}
}

@Unpublished{wordgra,
  author = 	 {Carolyn Coleman},
  title = 	 {Key Ideas: {Kun-barlang} word grammar},
  note = 	 {Ms.},
  OPTkey = 	 {},
  OPTmonth = 	 {},
  OPTyear = 	 {},
  OPTannote = 	 {}
}

@Unpublished{worgdra,
  author = 	 {Carolyn Coleman},
  title = 	 {Ideas Key: {Kun-barlang} grammar word},
  note = 	 {Ms., WS},
  OPTkey = 	 {},
  OPTmonth = 	 {},
  OPTyear = 	 {},
  OPTannote = 	 {}
}

@Unpublished{coleman10,
  author = 	 {Carolyn Coleman},
  title = 	 {Kun-barlang---{English} Dictionary},
  note = 	 {Unpublished Draft},
  OPTkey = 	 {},
  month =	 {8},
  year =	 {2010},
  OPTannote = 	 {}
}

@article{mithun84,
  title={The evolution of noun incorporation},
  author={Mithun, Marianne},
  journal={Language},
  pages={847--894},
  year={1984},
  publisher={JSTOR}
}

@InProceedings{mithun84avoid,
  author = 	 {Marianne Mithun},
  title = 	 {How to avoid subordination},
  OPTcrossref =  {},
  OPTkey = 	 {},
  booktitle =	 {BLS},
  pages =	 {73--85},
  year =	 {1984},
  OPTeditor = 	 {},
  OPTvolume = 	 {},
  number =	 {16},
  OPTseries = 	 {},
  OPTaddress = 	 {},
  OPTmonth = 	 {},
  OPTorganization = {},
  OPTpublisher = {},
  OPTnote = 	 {},
  OPTannote = 	 {}
}

@book{2014routledge,
  title={The Routledge Handbook of Syntax},
  author={Andrew Carnie and Dan Siddiqi and Yosuke Sato},
  isbn={9781317751045},
  series={Routledge Handbooks in Linguistics},
  url={http://books.google.ru/books?id=uC5zAwAAQBAJ},
  year={2014},
  publisher={Taylor \& Francis}
}


@InCollection{murasugi14,
  author = 	 {Kumiko Murasugi},
  title = 	 {Noun incorporation, nonconfigurationality and polysynthesis},
  booktitle = 	 {The Routledge Handbook of Syntax},
  OPTcrossref =	 {2014routledge},
  OPTkey = 	 {},
  pages =	 {283--303},
  publisher =	 {Routledge},
  year =	 {2014},
  editor =	 {Andrew Carnie and Dan Siddiqi and Yosuke Sato},
  OPTvolume = 	 {},
  OPTnumber = 	 {},
  OPTseries = 	 {},
  OPTtype = 	 {},
  chapter =	 {14},
  OPTaddress = 	 {},
  OPTedition = 	 {},
  OPTmonth = 	 {},
  OPTnote = 	 {},
  OPTannote = 	 {}
}

@inproceedings{vangeenhoven92,
  title={Noun incorporation from a semantic point of view},
  author={Van Geenhoven, Veerle},
  booktitle={Proceedings of the Annual Meeting of the Berkeley Linguistics Society},
  volume={18},
  year={1992}
}

@article{massam09,
  title={Noun incorporation: Essentials and extensions},
  author={Massam, Diane},
  journal={Language and Linguistics Compass},
  volume={3},
  number={4},
  pages={1076--1096},
  year={2009},
  publisher={Wiley Online Library}
}

@article{rosen89,
  title={Two types of noun incorporation: a lexical analysis},
  author={Rosen, Sara Thomas},
  journal={Language},
  pages={294--317},
  year={1989},
  publisher={JSTOR}
}

@InCollection{stokes82,
  author = 	 {Judith Stokes},
  title = 	 {A description of the mathematical concepts of {Groote} {Eylandt} {Aborigines}},
  year =	 {1982},
  ALTdate = 	 {},
  OPTcrossref =  {},
  OPTkey = 	 {},
  booktitle =	 {Language and culture},
  editor =	 {S. Hargrave},
  OPTsubtitle =  {},
  OPTtitleaddon = {},
  OPTmaintitle = {},
  OPTmainsubtitle = {},
  OPTmaintitleaddon = {},
  OPTbooksubtitle = {},
  OPTbooktitleaddon = {},
  OPTlanguage =  {},
  OPToriglanguage = {},
  OPTvolume = 	 {},
  OPTpart = 	 {},
  OPTedition = 	 {},
  OPTvolumes = 	 {},
  series =	 {Work Papers of the SIL, Australian Aborigines Branch B},
  number =	 {8},
  OPTnote = 	 {},
  publisher =	 {SIL},
  location =	 {Darwin},
  OPTisbn = 	 {},
  OPTchapter = 	 {},
  pages =	 {33-152},
  OPTaddendum =  {},
  OPTpubstate =  {},
  OPTdoi = 	 {},
  OPTeprint = 	 {},
  OPTeprintclass = {},
  OPTeprinttype = {},
  OPTurl = 	 {},
  OPTurldate = 	 {},
  OPTannote = 	 {}
}

@PhdThesis{egmond12,
  author = 	 {Marie-Elaine van Egmond},
  title = 	 {Enindhilyakwa phonology, morphosyntax and genetic position},
  school = 	 {University of Sydney},
  year = 	 {2012},
  OPTkey = 	 {},
  OPTtype = 	 {},
  OPTaddress = 	 {},
  OPTmonth = 	 {},
  OPTnote = 	 {},
  OPTannote = 	 {}
}

@book{rice2000,
  title={Morpheme order and semantic scope: Word formation in the Athapaskan verb},
  author={Rice, Keren},
  OPTvolume={90},
  year={2000},
  publisher={Cambridge University Press}
}

@Article{demuth90topic,
  author = 	 {Katherine Demuth},
  title = 	 {Subject topic and the {S}esotho passive},
  journal = 	 {Journal of Child Language},
  year = 	 {1990},
  OPTkey = 	 {},
  volume =	 {17},
  OPTnumber = 	 {},
  pages =	 {67--84},
  OPTmonth = 	 {},
  OPTnote = 	 {},
  OPTannote = 	 {}
}

@InCollection{demuth03,
  author = 	 {Katherine Demuth},
  title = 	 {The acquisition of {B}antu languages},
  booktitle = 	 {The Bantu Languages},
  OPTcrossref =  {},
  OPTkey = 	 {},
  pages =	 {209--222},
  publisher =	 {Curzon Press},
  year =	 {2003},
  editor =	 {Derek Nurse and Gerard Philippson},
  OPTvolume = 	 {},
  OPTnumber = 	 {},
  OPTseries = 	 {},
  OPTtype = 	 {},
  OPTchapter = 	 {},
  address =	 {Surrey, England},
  OPTedition = 	 {},
  OPTmonth = 	 {},
  OPTnote = 	 {},
  OPTannote = 	 {}
}

@InProceedings{demuth07,
  author = 	 {Katherine Demuth},
  titnle = 	 {Acquisition at the Prosody-Morphology Interface},
  OPTcrossref =  {},
  OPTkey = 	 {},
  booktitle =	 {Proceedings of the 2nd Conference on Generative Approaches to Language Acquisition North America (GALANA)},
  pages =	 {84--91},
  year =	 {2007},
  editor =	 {Alyona Belikova and Luisa Meroni and Mari Umeda},
  OPTvolume = 	 {},
  OPTnumber = 	 {},
  OPTseries = 	 {},
  address =	 {Somerville, MA},
  OPTmonth = 	 {},
  OPTorganization = {},
  publisher =	 {Cascadilla Proceedings Project},
  OPTnote = 	 {},
  OPTannote = 	 {}
}

@InCollection{demuthellis10,
  author = 	 {Katherine Demuth and David Ellis},
  title = 	 {Revisiting the Acquisition of {S}esotho Noun Class Prefixes},
  booktitle = 	 {Crosslinguistic Approaches to the Psychology of Language: Research in the Tradition of Dan Isaac Slobin},
  OPTcrossref =  {},
  OPTkey = 	 {},
  pages =	 {93--104},
  publisher =	 {Taylor \& Francis},
  year =	 {2010},
  editor =	 {Guo, J. and Lieven, E. and Budwig, N. and Ervin-Tripp, S. and Nakamura, K. and \"Oz\c{c}alikan, S.},
  OPTvolume = 	 {},
  OPTnumber = 	 {},
  OPTseries = 	 {},
  OPTtype = 	 {},
  chapter =	 {7},
  OPTaddress = 	 {},
  OPTedition = 	 {},
  OPTmonth = 	 {},
  OPTnote = 	 {},
  OPTannote = 	 {}
}

@Article{pye83,
  author = 	 {Clifton Pye},
  title = 	 {Mayan Telegraphese: Intonational Determinants of Inflectional Development in {Q}uich\'e {M}ayan},
  journal = 	 {Language},
  year = 	 {1983},
  OPTkey = 	 {},
  volume =	 {59},
  OPTnumber = 	 {},
  pages =	 {583--604},
  OPTmonth = 	 {},
  OPTnote = 	 {},
  OPTannote = 	 {}
}

@InCollection{slobin85,
  author = 	 {Dan Isaac Slobin},
  title = 	 {Crosslinguistic evidence for the language-making capacity},
  booktitle = 	 {The Crosslinguistic Study of Language Acquisition},
  OPTcrossref =  {},
  OPTkey = 	 {},
  OPTpages = 	 {},
  publisher =	 {Erlbaum},
  year =	 {1985},
  editor =	 {Dan Isaac Slobin},
  volume =	 {2},
  OPTnumber = 	 {},
  OPTseries = 	 {},
  OPTtype = 	 {},
  OPTchapter = 	 {},
  OPTaddress = 	 {Hillsdale NJ},
  OPTedition = 	 {},
  OPTmonth = 	 {},
  OPTnote = 	 {},
  OPTannote = 	 {}
}

@article{caballero10,
year={2010},
issn={1871-5621},
journal={Morphology},
volume={20},
number={1},
doi =		 {10.1007/s11525-010-9147-4},
title={Scope, phonology and morphology in an agglutinating language: {Choguita} {Rar\'amuri} ({Tarahumara}) variable suffix ordering},
url={http://dx.doi.org/10.1007/s11525-010-9147-4},
publisher={Springer Netherlands},
keywords={Scope; Phonology; Variable affix order; Subcategorization; Uto-Aztecan; Tarahumara},
author={Gabriela Caballero},
pages={165-204},
language={English}
}

@InCollection{wexler94,
  author = 	 {Kenneth Wexler},
  title = 	 {Optional Infinitives, head movement and the economy of derivations in child speech},
  booktitle = 	 {Verb Movement},
  OPTcrossref =  {},
  OPTkey = 	 {},
  OPTpages = 	 {},
  publisher =	 {Cambridge University Press},
  year =	 {1994},
  editor =	 {David Lightfoot and Norbert Hornstein},
  OPTvolume = 	 {},
  OPTnumber = 	 {},
  OPTseries = 	 {},
  OPTtype = 	 {},
  OPTchapter = 	 {},
  OPTaddress = 	 {},
  OPTedition = 	 {},
  OPTmonth = 	 {},
  OPTnote = 	 {},
  OPTannote = 	 {}
}

@InCollection{allenschroeder03,
  author = 	 {Shanley E. M. Allen and Heike Schr\"oder},
  title = 	 {Preferred Argument Structure in early {I}nuktitut spontaneous speech data},
  booktitle = 	 {Preferred argument structure: grammar as architecture for function},
  OPTcrossref =  {},
  OPTkey = 	 {},
  pages =	 {301--338},
  publisher =	 {John Benjamins},
  year =	 {2003},
  editor =	 {John W. {Du~Bois} and Lorraine E. Kumpf and William I. Ashby},
  OPTvolume = 	 {},
  OPTnumber = 	 {},
  OPTseries = 	 {},
  OPTtype = 	 {},
  OPTchapter = 	 {},
  OPTaddress = 	 {},
  OPTedition = 	 {},
  OPTmonth = 	 {},
  OPTnote = 	 {},
  OPTannote = 	 {}
}

@InCollection{smeets92,
  author = 	 {Rieks Smeets},
  title = 	 {On valencies, actants and actant coding in Circassian},
  booktitle = 	 {Caucasian Perspectives},
  OPTcrossref =  {},
  OPTkey = 	 {},
  pages =	 {98--144},
  publisher =	 {LINCOM},
  year =	 {1992},
  editor =	 {George Hewitt},
  OPTvolume = 	 {},
  OPTnumber = 	 {},
  OPTseries = 	 {},
  OPTtype = 	 {},
  OPTchapter = 	 {},
  OPTaddress = 	 {},
  OPTedition = 	 {},
  OPTmonth = 	 {},
  OPTnote = 	 {},
  OPTannote = 	 {}
}

@InProceedings{balekhanjian09,
  author = 	 {Alan Bale and Hrayr Khanjian},
  title = 	 {Classifiers and number marking},
  OPTcrossref =  {},
  OPTkey = 	 {},
  booktitle =	 {Proceedings of Semantics and Linguistic Theory ({SALT}) {XVIII}},
  year =	 {2009},
  editor =	 {T. Friedman and S. Ito},
  OPTvolume = 	 {},
  OPTnumber = 	 {},
  OPTseries = 	 {},
  OPTpages = 	 {},
  OPTmonth = 	 {},
  OPTaddress = 	 {},
  OPTorganization = {},
  OPTpublisher = {},
  OPTnote = 	 {},
  OPTannote = 	 {}
}

@Article{szabolcsi04,
  author = 	 {Anna Szabolcsi},
  title = 	 {Positive Polarity --- Negative Polarity},
  journal = 	 {Natural Language and Linguistic Theory},
  year = 	 {2004},
  OPTkey = 	 {},
  OPTvolume = 	 {},
  number =	 {22},
  pages =	 {409--25},
  OPTmonth = 	 {},
  OPTnote = 	 {},
  OPTannote = 	 {}
}

@Book{kiss02,
  author =	 {Katalin \'{E}. Kiss},
  ALTeditor = 	 {},
  title = 	 {The Syntax of Hungarian},
  publisher = 	 {Cambridge University Press},
  year = 	 {2002},
  OPTannote = 	 {}
}

@Book{cable10,
  author =	 {Seth Cable},
  ALTeditor = 	 {},
  title = 	 {The Grammar of Q: Q-Particles, Wh-Movement and Pied-Piping},
  publisher = 	 {Oxford University Press},
  year = 	 {2010},
  OPTannote = 	 {}
}

@InCollection{kratzer91,
  author = 	 {Angelika Kratzer},
  title = 	 {The Representation of Focus},
  booktitle = 	 {Handbuch Semantik},
  OPTcrossref =  {},
  OPTkey = 	 {},
  publisher =	 {De Gruyter},
  year =	 {1991},
  editor =	 {Arnim {von Stechow} and Dieter Wunderlich},
  OPTvolume = 	 {},
  OPTnumber = 	 {},
  OPTseries = 	 {},
  OPTtype = 	 {},
  OPTchapter = 	 {},
  OPTpages = 	 {},
  OPTedition = 	 {},
  OPTmonth = 	 {},
  OPTaddress = 	 {},
  OPTnote = 	 {},
  OPTannote = 	 {}
}

@Book{merchant01,
  author =	 {Jason Merchant},
  ALTeditor = 	 {},
  title = 	 {THe Syntax of Silence: Sluicing, Islands, and the Theory of Ellipsis},
  publisher = 	 {Oxford University Press},
  year = 	 {2001},
  OPTkey = 	 {},
  OPTvolume = 	 {},
  OPTnumber = 	 {},
  OPTseries = 	 {},
  OPTaddress = 	 {},
  OPTedition = 	 {},
  OPTmonth = 	 {},
  OPTnote = 	 {},
  OPTannote = 	 {}
}

@Article{hyman03,
  author = 	 {Larry Hyman},
  title = 	 {Suffix ordering in {B}antu: A morphocentric approach},
  journal = 	 {Yearbook of morphology},
  year = 	 {2003},
  OPTkey = 	 {},
  OPTvolume = 	 {},
  OPTnumber = 	 {},
  pages =	 {245--281},
  OPTmonth = 	 {},
  OPTnote = 	 {},
  OPTannote = 	 {}
}

@Book{baker96,
  author =	 {Mark C. Baker},
  title = 	 {The Polysynthesis Parameter},
  publisher = 	 {Oxford University Press},
  year = 	 {1996},
  address =	 {Oxford},
  OPTannote = 	 {}
}

@inbook{wals-100,
  publisher = {Max Planck Institute for Evolutionary Anthropology},
  author    = {Anna Siewierska},
  url       = {http://wals.info/chapter/100},
  booktitle = {The World Atlas of Language Structures Online},
  year      = {2013},
  editor    = {Matthew S. Dryer and Martin Haspelmath},
  address   = {Leipzig},
  title     = {Alignment of Verbal Person Marking}
}

@Article{dryer86,
  author = 	 {Matthew S. Dryer},
  title = 	 {Primary Objects, Secondary Objects, and Antidative},
  journaltitle = {Language},
  year =	 {1986},
  ALTdate = 	 {},
  OPTkey = 	 {},
  OPTtranslator = {},
  OPTannotator = {},
  OPTcommentator = {},
  OPTsubtitle =  {},
  OPTtitleaddon = {},
  OPTeditor = 	 {},
  OPTeditora = 	 {},
  OPTeditorb = 	 {},
  OPTeditorc = 	 {},
  OPTjournalsubtitle = {},
  OPTissuetitle = {},
  OPTissuesubtitle = {},
  OPTlanguage =  {},
  OPToriglanguage = {},
  OPTseries = 	 {},
  volume =	 {62},
  number =	 {4},
  OPTeid = 	 {},
  OPTissue = 	 {},
  OPTmonth = 	 {},
  pages =	 {808--845},
  OPTversion = 	 {},
  OPTnote = 	 {},
  OPTissn = 	 {},
  OPTaddendum =  {},
  OPTpubstate =  {},
  OPTdoi = 	 {},
  OPTeprint = 	 {},
  OPTeprintclass = {},
  OPTeprinttype = {},
  OPTurl = 	 {},
  OPTurldate = 	 {},
  OPTannote = 	 {}
}

@InCollection{dryer07,
  author = 	 {Matthew S. Dryer},
  title = 	 {Noun phrase structure},
  crossref =	 {shopen07ii},
  OPTchapter = 	 {4},
  pages =	 {151--205}
}

@PhdThesis{slioussar07,
  author = 	 {Natalia Slioussar},
  title = 	 {Grammar and Information Structure. A study with reference to {Russian}},
  school = 	 {Utrecht},
  year = 	 {2007},
  OPTkey = 	 {},
  OPTtype = 	 {},
  OPTaddress = 	 {},
  OPTmonth = 	 {},
  OPTnote = 	 {},
  OPTannote = 	 {}
}

@Article{slioussar11,
  author = 	 {Natalia Slioussar},
  title = 	 {Processing of a Free Word Order Language: The Role of Syntax and Context},
  journal = 	 {Journal of Psycholinguistic Research},
  year = 	 {2011},
  OPTkey = 	 {},
  volume =	 {40},
  OPTnumber =	 {},
  pages =	 {291--306},
  OPTmonth = 	 {},
  OPTnote = 	 {},
  OPTannote = 	 {}
}

@INCOLLECTION{kiss95intro,
  author = {Kiss, Katalin \'{E}.},
  title = {Discourse configurational languages: {Introduction}},
  booktitle = {Discourse Configurational Languages},
  publisher = {Oxford University Press},
  year = {1995},
  editor = {Kiss, Katalin \'{E}.},
  pages = {3--27},
  address = {New York / Oxford}
}

@InCollection{marantz2000,
  author = 	 {Alec Marantz},
  title = 	 {Case and licensing},
  booktitle = 	 {Arguments and Case: Explaining Burzio's Generalization},
  OPTcrossref =  {},
  OPTkey = 	 {},
  pages =	 {11--30},
  publisher =	 {John Benjamins},
  year =	 {2000},
  editor =	 {Eric Reuland},
  OPTvolume = 	 {},
  OPTnumber = 	 {},
  OPTseries = 	 {},
  OPTtype = 	 {},
  OPTchapter = 	 {},
  address =	 {Amsterdam},
  OPTedition = 	 {},
  OPTmonth = 	 {},
  OPTnote = 	 {},
  OPTannote = 	 {}
}

@PhdThesis{aldridge04,
  author = 	 {Edith Aldridge},
  title = 	 {Ergativity and word order in {Austronesian} languages},
  school = 	 {Cornell University},
  year = 	 {2004},
  OPTkey = 	 {},
  OPTtype = 	 {},
  address =	 {Ithaca, NY},
  OPTmonth = 	 {},
  OPTnote = 	 {},
  OPTannote = 	 {}
}

@Article{aldridge08,
  author = 	 {Edith Aldridge},
  title = 	 {Generative Approaches to Ergativity},
  journal = 	 {Language and Linguistics Compass},
  year = 	 {2008},
  OPTkey = 	 {},
  volume =	 {2},
  number =	 {5},
  pages =	 {966--995},
  OPTmonth = 	 {},
  OPTnote = 	 {},
  OPTannote = 	 {}
}

@Article{zeijlstra11,
  author = 	 {Hedde Zeijlstra},
  title = 	 {On the syntactically complex status of negative indefinites},
  journal = 	 {Journal of Comparative Germanic Linguistics},
  year = 	 {2011},
  OPTkey = 	 {},
  volume =	 {14},
  OPTnumber = 	 {},
  pages =	 {111--138},
  OPTmonth = 	 {},
  OPTnote = 	 {},
  OPTannote = 	 {}
}

@article{partee73,
  pages = {601--609},
  title = {Some Structural Analogies Between Tenses and Pronouns in English},
  year = {1973},
  author = {Barbara Hall Partee},
  journal = {Journal of Philosophy},
  volume = {70},
  number = {18}
}

@Article{partee84,
  author = 	 {Barbara Hall Partee},
  title = 	 {Nominal and Temporal Anaphora},
  journal = 	 {Linguistics and Philosophy},
  year = 	 {1984},
  OPTkey = 	 {},
  volume =	 {7},
  OPTnumber = 	 {},
  pages =	 {243--286},
  OPTmonth = 	 {},
  OPTnote = 	 {},
  OPTannote = 	 {}
}

@INCOLLECTION{partee87,
  author = {Barbara Hall Partee},
  title = {Noun Phrase Interpretation and Type-Shifting Principles},
  booktitle = {Studies in {Discourse} {Representation} {Theory} and the Theory of {Generalized} {Quantifiers}},
  publisher = {Foris},
  year = {1987},
  editor = {Jeroen Groenendijk and Dick de Jongh and Martin Stokhof},
  pages = {115--143},
  address = {Dordrecht},
  keywords = {English language Modern; syntax ; phrase ; noun phrase; includes semantics ; application of Montague grammar}
}

@InCollection{partee95,
  author = 	 {Barbara Hall Partee},
  title = 	 {Quantificational structures and compositionality},
  crossref =	 {qnl95},
  OPTchapter = 	 {},
  pages =	 {541--601},
  OPTannote = 	 {}
}

@InCollection{partee08,
  author = 	 {Barbara H. Partee},
  title = 	 {Negation, Intensionality, and Aspect: Interaction with NP Semantics},
  booktitle = 	 {Theoretical and Crosslinguistic Approaches to the Semantics of Aspect},
  OPTcrossref =  {},
  OPTkey = 	 {},
  pages =	 {291--320},
  publisher =	 {John Benjamins},
  year =	 {2008},
  editor =	 {Susan D. Rothstein},
  OPTvolume = 	 {},
  OPTnumber = 	 {},
  OPTseries = 	 {},
  OPTtype = 	 {},
  OPTchapter = 	 {},
  OPTaddress = 	 {},
  OPTedition = 	 {},
  OPTmonth = 	 {},
  OPTnote = 	 {},
  OPTannote = 	 {}
}

@InCollection{parbor09,
  author = 	 {Barbara H. Partee and Vladimir Borschev},
  title = 	 {Verbal semantic shifts under negation, intensionality, and imperfectivity: Russian genitive objects},
  booktitle = 	 {Cross-linguistic Semantics of Tense, Aspect and Modality},
  OPTcrossref =  {},
  OPTkey = 	 {},
  pages =	 {341--364},
  publisher =	 {John Benjamins},
  year =	 {2009},
  editor =	 {Lotte Hogeweg and Helen de Hoop and Andrej Malchukov},
  OPTvolume = 	 {},
  OPTnumber = 	 {},
  OPTseries =	 {},
  OPTtype = 	 {},
  OPTchapter = 	 {},
  OPTaddress = 	 {},
  OPTedition = 	 {},
  OPTmonth = 	 {},
  OPTnote = 	 {},
  OPTannote = 	 {}
}

@InProceedings{parbor02,
  author = 	 {Barbara H. Partee and Vladimir Borschev},
  title = 	 {Genitive of Negation and Scope of Negation in {Russian} Existential Sentences},
  OPTcrossref =  {},
  OPTkey = 	 {},
  booktitle =	 {Annual Workshop on Formal Approaches to Slavic Linguistics: the Second Ann Arbor Meeting 2001},
  pages =	 {181--200},
  year =	 {2002},
  editor =	 {Jind\v{r}ich Toman},
  OPTvolume = 	 {},
  OPTnumber = 	 {},
  OPTseries = 	 {},
  address =	 {Ann Arbor},
  OPTmonth = 	 {},
  OPTorganization = {},
  publisher =	 {Michigan Slavic Publications},
  OPTnote = 	 {},
  OPTannote = 	 {}
}

@Misc{dlevinson05,
  OPTkey = 	 {},
  author =	 {Dmitry Levinson},
  title =	 {Imperfective of imperative and genitive of direct object: Grammaticalization of aspect and case due to emphatic negation in Russian and other Slavic languages},
  howpublished = {Ms., Stanford},
  OPTmonth = 	 {},
  year =	 {2005},
  OPTnote = 	 {},
  OPTannote = 	 {}
}

@Book{babby80,
  author =	 {Leonard H. Babby},
  ALTeditor = 	 {},
  title = 	 {Existential Sentences and Negation in Russian},
  publisher = 	 {Karoma Publishers},
  year = 	 {1980},
  OPTkey = 	 {},
  OPTvolume = 	 {},
  OPTnumber = 	 {},
  OPTseries = 	 {},
  address =	 {Ann Arbor, Michigan},
  OPTedition = 	 {},
  OPTmonth = 	 {},
  OPTnote = 	 {},
  OPTannote = 	 {}
}

@PhdThesis{romanova06,
  author = 	 {Eugenia Romanova},
  title = 	 {Constructing Perfectivity in Russian},
  school = 	 {Universitetet i Troms{\o}},
  year = 	 {2006},
  OPTkey = 	 {},
  OPTtype = 	 {},
  OPTaddress = 	 {},
  OPTmonth = 	 {},
  OPTnote = 	 {},
  OPTannote = 	 {}
}

@PhdThesis{borik02,
  author = 	 {Olga Borik},
  title = 	 {Aspect and Reference Time},
  school = 	 {Universiteit Utrecht},
  year = 	 {2002},
  OPTkey = 	 {},
  OPTtype = 	 {},
  OPTaddress = 	 {},
  OPTmonth = 	 {},
  OPTnote = 	 {},
  OPTannote = 	 {}
}

@book{dixon94,
  title={Ergativity},
  author={Robert M. W. Dixon},
  year={1994},
  publisher={Cambridge University Press}
}

@Book{dixon02,
  author =	 {Robert M. W. Dixon},
  ALTeditor = 	 {},
  title = 	 {Australian Languages: Their Nature and Development},
  publisher = 	 {Cambridge University Press},
  year = 	 {2002},
  OPTseries = 	 {Cambridge Language Surveys},
  OPTaddress = 	 {Cambridge},
  OPTedition = 	 {},
  OPTannote = 	 {}
}

@PhdThesis{otsuka2000,
  author = 	 {Yuko Otsuka},
  title = 	 {Ergativity in Tongan},
  school = 	 {University of Oxford},
  year = 	 {2000},
  OPTkey = 	 {},
  OPTtype = 	 {},
  OPTaddress = 	 {},
  OPTmonth = 	 {},
  OPTnote = 	 {},
  OPTannote = 	 {}
}

@Book{hawkins04,
  author =	 {John A. Hawkins},
  ALTeditor = 	 {},
  title = 	 {Efficiency and complexity of grammars},
  publisher = 	 {Oxford University Press},
  year = 	 {2004},
  OPTkey = 	 {},
  OPTvolume = 	 {},
  OPTnumber = 	 {},
  OPTseries = 	 {},
  OPTaddress = 	 {},
  OPTedition = 	 {},
  OPTmonth = 	 {},
  OPTnote = 	 {},
  OPTannote = 	 {}
}

@InCollection{sekerina03,
  author = 	 {Irina A. Sekerina},
  title = 	 {Scrambling and Processing: Dependencies, Complexity, and Constraints},
  booktitle = 	 {Word Order and Scrambling},
  OPTcrossref =  {},
  OPTkey = 	 {},
  OPTpages = 	 {},
  publisher =	 {Blackwell},
  year =	 {2003},
  editor =	 {Simin Karimi},
  OPTvolume = 	 {},
  OPTnumber = 	 {},
  OPTseries = 	 {},
  OPTtype = 	 {},
  OPTchapter = 	 {},
  OPTaddress = 	 {},
  OPTedition = 	 {},
  OPTmonth = 	 {},
  OPTnote = 	 {},
  OPTannote = 	 {}
}

@Article{kaisertrue04,
  author = 	 {Elsi Kaiser and John C. Trueswell},
  title = 	 {The role of discourse context in the processing of a flexible word-order language},
  journal = 	 {Cognition},
  year = 	 {2004},
  OPTkey = 	 {},
  OPTvolume = 	 {},
  OPTnumber = 	 {},
  OPTpages = 	 {},
  OPTmonth = 	 {},
  OPTnote = 	 {},
  OPTannote = 	 {}
}

@Article{korlander10,
  author = 	 {Natalia Korotkova and Yury A. Lander},
  title = 	 {Deriving affix ordering in polysynthesis: evidence from {A}dyghe},
  journal = 	 {Morphology},
  year = 	 {2010},
  OPTkey = 	 {},
  volume =	 {20},
  number =	 {2},
  pages =	 {299--319},
  OPTmonth = 	 {},
  OPTnote = 	 {},
  OPTannote = 	 {}
}

@Article{hayplag04,
  author = 	 {Jennifer B. Hay and Ingo Plag},
  title = 	 {What constrains possible suffix combinations? On the interaction of grammatical and processing restrictions in derivational morphology},
  journal = 	 {Natural Language and Linguistic Theory},
  year = 	 {2004},
  OPTkey = 	 {},
  volume =	 {22},
  OPTnumber = 	 {},
  pages =	 {565--96},
  OPTmonth = 	 {},
  OPTnote = 	 {},
  OPTannote = 	 {}
}

@Article{plagbaayen09,
  author = 	 {Ingo Plag and Harald Baayen},
  title = 	 {Suffix Ordering and Morphological Processing},
  journal = 	 {Language},
  year = 	 {2009},
  OPTkey = 	 {},
  volume =	 {85},
  number =	 {1},
  pages =	 {109--152},
  OPTmonth = 	 {},
  OPTnote = 	 {},
  OPTannote = 	 {}
}

@Book{manning96,
  author =	 {Christopher D. Manning},
  ALTeditor = 	 {},
  title = 	 {Ergativity: argument structure and grammatical relations},
  publisher = 	 {CSLI Publications},
  year = 	 {1996},
  address =	 {Stanford}
}

@Article{kazenin94,
  author = 	 {Konstantin I. Kazenin},
  title = 	 {Split syntactic ergativity: toward and implicational hierarchy},
  journal = 	 {Sprachtypologie und Universalienforschung},
  year = 	 {1994},
  volume =	 {47},
  number =	 {2},
  pages =	 {78--98}
}

@InCollection{letuchiy12,
  author = 	 {Alexander Letuchiy},
  title = 	 {Ergativity in the {A}dyghe system of valency-changing derivations},
  booktitle = 	 {Ergativity, Valency and Voice},
  pages =	 {323--354},
  publisher =	 {De Gruyter},
  year =	 {2012},
  editor =	 {Gilles Authier and Katharina Haude}
}

@InCollection{letuchiy15,
  author = 	 {Alexander Letuchiy},
  title = 	 {Scope Versus Ordering of Operations: Cauzativization and Ordering of Valency-Changing Operations in {Adyghe}},
  booktitle = 	 {Affix Ordering Across Languages and Frameworks},
  OPTcrossref =  {},
  OPTkey = 	 {},
  publisher =	 {Oxford University Press},
  year =	 {2015},
  editor =	 {Stella Manova},
  OPTvolume = 	 {},
  OPTnumber = 	 {},
  OPTseries = 	 {},
  OPTchapter = 	 {},
  OPTpages = 	 {},
  address =	 {Oxford},
  OPTannote = 	 {}
}

@Article{letuchiy16,
  author = 	 {Alexander Letuchiy},
  title = 	 {Agreement with complement clauses in {Adyghe}},
  journaltitle = {Rhema},
  year =	 {2016},
  ALTdate = 	 {},
  OPTkey = 	 {},
  OPTvolume = 	 {},
  number =	 {4},
  OPTeid = 	 {},
  OPTissue = 	 {},
  OPTmonth = 	 {},
  pages =	 {83--104},
  OPTdoi = 	 {},
  OPTeprint = 	 {},
  OPTeprintclass = {},
  OPTeprinttype = {},
  OPTurl = 	 {},
  OPTurldate = 	 {},
  OPTannote = 	 {}
}

@Book{snovidenija,
  ALTauthor = 	 {},
  editor =	 {Вера Исааковна Подлесская and Андрей Александрович Кибрик},
  title = 	 {Рассказы о сновидениях: Корпусное исследование устного русского дискурса [{Stories} about Dreams: Corpus Study of Spoken Russian Discourse]},
  publisher = 	 {ЯСК},
  year = 	 {2009},
  OPTkey = 	 {},
  OPTvolume = 	 {},
  OPTnumber = 	 {},
  OPTseries = 	 {},
  address =	 {Москва},
  OPTedition = 	 {},
  OPTmonth = 	 {},
  OPTnote = 	 {},
  OPTannote = 	 {}
}

@PhdThesis{landerdiss,
  author = 	 {Yury A. Lander},
  title = 	 {Релятивизация в полисинтетическом языке: адыгейские относительные конструкции в типологической перспективе [{R}elativization in a polysynthetic language: {Adyghe} relative constructions in a typological perspective]},
  school = 	 {Russian State University for the Humanities},
  year = 	 {2012},
  OPTaddress = 	 {Moscow}
}

@Unpublished{landerabs,
  author = 	 {Yury A. Lander},
  title = 	 {Subject properties of the {Adyghe} absolutive: {Evidence} from relatives},
  note = 	 {Ms.},
  OPTkey = 	 {},
  OPTmonth = 	 {},
  year =	 {2009},
  OPTannote = 	 {}
}

@InCollection{evansetal01,
  author = 	 {Nicholas Evans and Dunstan Brown and Greville G. Corbett},
  title = 	 {Dalabon pronominal prefixes and the typology of syncretism: a {Network} {Morphology} analysis},
  booktitle = 	 {Yearbook of {Morphology} 2000},
  OPTcrossref =  {},
  OPTkey = 	 {},
  publisher =	 {Kluwer},
  year =	 {2001},
  editor =	 {Geert Booij and Jaap van Marle},
  OPTvolume = 	 {},
  OPTnumber = 	 {},
  OPTseries = 	 {},
  OPTtype = 	 {},
  OPTchapter = 	 {},
  pages =	 {187--232},
  OPTedition = 	 {},
  OPTmonth = 	 {},
  OPTaddress = 	 {},
  OPTnote = 	 {},
  OPTannote = 	 {}
}

@Article{evansetal02,
  author = 	 {Nicholas Evans and Dunstan Brown and Greville G. Corbett},
  title = 	 {The Semantics of Gender in {Mayali}: Partially Parallel Systems and Formal Implementation},
  journal = 	 {Language},
  year = 	 {2002},
  OPTkey = 	 {},
  volume =	 {78},
  number =	 {1},
  pages =	 {111--155},
  OPTmonth = 	 {March},
  OPTnote = 	 {},
  url =		 {http://www.jstor.org/stable/3086647}
}

@Misc{mayalidict91,
  author =	 {Nicholas Evans},
  ALTeditor = 	 {},
  title = 	 {Mayali Dictionary},
  year =	 {1991},
  ALTdate = 	 {},
  OPTkey = 	 {},
  OPTsubtitle =	 {},
  OPTtitleaddon = {},
  OPTlanguage =  {},
  howpublished = {Part {III} of the consultancy report `{Study} and production of an orthography for the {Gun-djeipmi} {Language}, {Alligator} {Rivers} {Region}, {Phase} {II}', prepared for {ANPWS}},
  OPTtype = 	 {},
  OPTversion = 	 {},
  OPTnote = 	 {},
  OPTorganization = {},
  OPTlocation =  {},
  OPTdate = 	 {},
  OPTmonth = 	 {},
  OPTyear = 	 {},
  OPTaddendum =  {},
  OPTpubstate =  {},
  OPTdoi = 	 {},
  OPTeprint = 	 {},
  OPTeprintclass = {},
  OPTeprinttype = {},
  OPTurl = 	 {},
  OPTurldate = 	 {},
  OPTannote = 	 {}
}

@InCollection{evans95,
  author = 	 {Nicholas Evans},
  title = 	 {A-Quantifiers and Scope in {Mayali}},
  ALTyear = 	 {},
  ALTdate = 	 {},
  crossref =	 {qnl95},
  OPTkey = 	 {},
  OPTchapter = 	 {},
  pages =	 {207--270},
}

@Book{evans95gyd,
  author =	 {Nicholas Evans},
  ALTeditor = 	 {},
  title = 	 {Kayardild},
  publisher = 	 {Mouton},
  year = 	 {1995},
  OPTkey = 	 {},
  OPTvolume = 	 {},
  OPTnumber = 	 {},
  OPTseries = 	 {},
  OPTaddress = 	 {},
  OPTedition = 	 {},
  OPTmonth = 	 {},
  OPTnote = 	 {},
  OPTannote = 	 {}
}

@Book{bgw,
  author =	 {Nicholas Evans},
  title = 	 {Bininj Gun-Wok: A pandialectal grammar of {Mayali}, {Kunwinjku} and {Kune}},
  publisher = 	 {Pacific Linguistics},
  year = 	 {2003},
  OPTkey = 	 {},
  OPTvolume = 	 {},
  OPTnumber = 	 {},
  OPTseries = 	 {},
  address =	 {Canberra}
}

@InCollection{evans03,
  author = 	 {Nicholas Evans},
  title = 	 {Introduction: {Comparative} non-{Pama}-{Nyungan} and {Australian} historical linguistics},
  OPTbooktitle = 	 {},
  crossref =	 {npn03},
  OPTkey = 	 {},
  OPTchapter = 	 {},
  pages =	 {3--25},
}

@InCollection{evansmerlan03,
  author = 	 {Nicholas Evans and Francesca Merlan},
  title = 	 {Dalabon verb conjugations},
  OPTbooktitle = {The non-{Pama}-{Nyungan} languages of northern {Australia}: {Comparative} studies of the continent's most linguistically complex region},
  crossref =	 {npn03},
  OPTkey = 	 {},
  pages =	 {269--283},
  OPTannote = 	 {}
}

@InCollection{aeh03,
  author = 	 {Barry Alpher and Nicholas Evans and Mark Harvey},
  title = 	 {Proto {Gunwinyguan} verb suffixes},
  OPTbooktitle = 	 {},
  crossref =	 {npn03},
  OPTkey = 	 {},
  OPTchapter = 	 {},
  pages =	 {305--352},
}

@Book{ngkdict,
  author =	 {Nicholas Evans and Francesca Merlan and Maggie Tukumba},
  ALTeditor = 	 {},
  title = 	 {A first dictionary of {Dalabon} ({Ngalkbon})},
  publisher = 	 {Maningrida Arts and Culture},
  year = 	 {2004},
  OPTkey = 	 {},
  address =	 {Maningrida},
  OPTannote = 	 {}
}

@Book{probpsnth,
  editor =	 {Nicholas Evans and Hans-J\"{u}rgen Sasse},
  title = 	 {Problems of Polysynthesis},
  publisher = 	 {Akademie Verlag},
  year = 	 {2002},
  OPTkey = 	 {},
  volume =	 {4},
  OPTnumber =	 {},
  series =	 {Studia Typologica},
  address =	 {Berlin},
  OPTannote = 	 {}
}

@InProceedings{evans02,
  author = 	 {Nicholas Evans},
  title = 	 {The true status of grammatical object affixes: evidence from {Bininj} {Gun-wok}},
  crossref =	 {probpsnth},
  pages =	 {15--50}
}

@Article{evans06,
  author = 	 {Nicholas Evans},
  title = 	 {Who Said Polysynthetic Languages Avoid Subordination? {Multiple} Subordination Strategies in {Dalabon}},
  journal = 	 {Australian Journal of Linguistics},
  year = 	 {2006},
  OPTkey = 	 {},
  volume =	 {26},
  number =	 {1},
  pages =	 {31-58},
  OPTannote = 	 {}
}

@InCollection{evanspsna,
  author = 	 {Nicholas Evans},
  title = 	 {Polysynthesis in {Northern} {Australia}},
  booktitle = 	 {Handbook of Polysynthesis},
  OPTcrossref =  {},
  OPTkey = 	 {},
  OPTpages = 	 {},
  OPTpublisher = {},
  year =	 {\noop{3011}to~appear},
  OPTeditor = 	 {},
  OPTvolume = 	 {},
  OPTnumber = 	 {},
  OPTseries = 	 {},
  OPTtype = 	 {},
  chapter =	 {19},
  OPTaddress = 	 {},
  OPTedition = 	 {},
  OPTmonth = 	 {},
  OPTnote = 	 {},
  OPTannote = 	 {}
}

@Article{egn07,
  author = 	 {Nicholas Evans and Alice Gaby and Rachel Nordlinger},
  title = 	 {Valency mismatches and the coding of reciprocity in {Australian} languages},
  journal = 	 {Linguistic Typology},
  year = 	 {2007},
  OPTkey = 	 {},
  volume =	 {11},
  OPTnumber = 	 {},
  pages =	 {541--597},
  OPTannote = 	 {}
}

@Book{merlan83,
  author =	 {Francesca Merlan},
  ALTeditor = 	 {},
  title = 	 {Ngalakan Grammar, Texts and Vocabulary},
  publisher = 	 {Pacific Linguistics},
  year = 	 {1983},
  OPTseries = 	 {},
  address =	 {Canberra},
  OPTannote = 	 {}
}

@Book{mushinbaker08,
  ALTauthor = 	 {},
  editor =	 {Ilana Mushin and Brett Baker},
  title = 	 {Discourse and Grammar in {Australian} Languages},
  publisher = 	 {John Benjamins},
  year = 	 {2008},
  OPTkey = 	 {},
  OPTvolume = 	 {},
  OPTnumber = 	 {},
  OPTseries = 	 {},
  address =	 {Amsterdam / Philadelphia},
  OPTedition = 	 {},
  OPTmonth = 	 {},
  OPTnote = 	 {},
  OPTannote = 	 {}
}

@InCollection{baker02,
  author = 	 {Brett Baker},
  title = 	 {How referential is agreement? {The} interpretation of polysynthetic dis-agreement morphology in {Ngalakgan}},
  crossref =	 {probpsnth},
  OPTkey = 	 {},
  pages =	 {51--85}
}

@InCollection{baker04,
  author = 	 {Brett Baker},
  title = 	 {Stem forms and paradigm reshaping in {Gunwinyguan}},
  booktitle = 	 {Australian Languages: {Classification} and the Comparative Method},
  OPTcrossref =  {},
  OPTkey = 	 {},
  publisher =	 {John Benjamins},
  year =	 {2004},
  editor =	 {Claire Bowern and Harold Koch},
  OPTchapter = 	 {14},
  pages =	 {313--340},
  OPTaddress = 	 {},
  OPTnote = 	 {},
  OPTannote = 	 {}
}

@InCollection{baker14,
  author = 	 {Brett Baker},
  title = 	 {Word structure in {Australian} languages},
  OPTbooktitle = 	 {},
  crossref =	 {kochNordlinger},
  OPTkey = 	 {},
  chapter =	 {4},
  pages =	 {139--213},
  OPTannote = 	 {}
}

@InCollection{bakermushin08,
  author = 	 {Brett Baker and Ilana Mushin},
  title = 	 {Discourse and Grammar in {Australian} Languages},
  booktitle = 	 {Discourse and Grammar in {Australian} Languages},
  OPTcrossref =  {},
  OPTkey = 	 {},
  pages =	 {1--23},
  publisher =	 {John Benjamins},
  year =	 {2008},
  editor =	 {Ilana Mushin and Brett Baker},
  volume =	 {104},
  OPTnumber = 	 {},
  series =	 {Studies in Language Companion},
  OPTannote = 	 {}
}

@InProceedings{bakernordlinger08,
  author = 	 {Brett Baker and Rachel Nordlinger},
  title = 	 {Noun-Adjective Compounds in {Gunwinyguan} Languages},
  OPTcrossref =  {},
  OPTkey = 	 {},
  OPTbooktitle = {},
  pages =	 {109--128},
  year =	 {2008},
  editor =	 {Miriam Butt and Tracy Holloway King},
  OPTvolume = 	 {},
  OPTnumber = 	 {},
  OPTseries = 	 {},
  address =	 {Stanford},
  OPTmonth = 	 {},
  organization = {LFG08 Conference},
  publisher =	 {CSLI Publications},
  OPTnote = 	 {},
  OPTannote = 	 {}
}

@PhdThesis{jmjesb,
  author = 	 {Eva Schultze-Berndt},
  title = 	 {Simple and Complex Verbs in {Jaminjung}},
  school = 	 {Katholieke Universiteit Nijmegen},
  year = 	 {2000},
  OPTkey = 	 {},
  OPTtype = 	 {},
  OPTaddress = 	 {},
  OPTmonth = 	 {},
  note =	 {MPI Series in Psycholinguistics},
  OPTannote = 	 {}
}

@Article{sbsimard12,
  author = 	 {Eva Schultze-Berndt and Candide Simard},
  title = 	 {Constraints on noun phrase discontinuity in an {Australian} language: The roie of prosody and information structure},
  journal = 	 {Linguistics},
  year = 	 {2012},
  OPTkey = 	 {},
  volume =	 {50},
  number =	 {5},
  pages =	 {1015--1058},
  OPTannote = 	 {}
}

@InCollection{knintro14,
  author = 	 {Harold Koch and Rachel Nordlinger},
  title = 	 {The languages of {Australia} in linguistic research: context and issues},
  crossref =	 {kochNordlinger},
  OPTkey = 	 {},
  pages =	 {3--21},
  chapter =	 {1},
  OPTannote = 	 {}
}

@InCollection{fletcherbutcher14,
  author = 	 {Janet Fletcher and Andrew Butcher},
  title = 	 {Sound patterns of {Australian} languages},
  crossref =	 {kochNordlinger},
  OPTkey = 	 {},
  OPTbooktitle = {},
  OPTseries = 	 {},
  OPTnumber = 	 {},
  OPTnote = 	 {},
  chapter =	 {3},
  pages =	 {91--138},
  OPTaddendum =  {},
  OPTpubstate =  {},
  OPTdoi = 	 {},
  OPTeprint = 	 {},
  OPTeprintclass = {},
  OPTeprinttype = {},
  OPTurl = 	 {},
  OPTurldate = 	 {},
  OPTannote = 	 {}
}


@InCollection{gabysinger14,
  author = 	 {Alice Gaby and Ruth Singer},
  title = 	 {Semantics of {Australian} languages},
  year =	 {2014},
  ALTdate = 	 {},
  crossref =	 {kochNordlinger},
  OPTkey = 	 {},
  chapter =	 {7},
  pages =	 {295--327},
  OPTannote = 	 {}
}

@Article{bowernzentz12,
  author = 	 {Claire Bowern and Jason Zentz},
  title = 	 {Diversity in the Numeral Systems of {Australian} Languages},
  journal = 	 {Anthropological Linguistics},
  year = 	 {2012},
  OPTkey = 	 {},
  volume =	 {54},
  number =	 {2},
  pages =	 {133--160},
  OPTmonth = 	 {Summer},
  OPTnote = 	 {},
  OPTannote = 	 {}
}

@InCollection{bowern14,
  author = 	 {Claire Bowern},
  title = 	 {Complex Predicates in {Australian} Languages},
  OPTbooktitle = 	 {The Languages and Linguistics of {Australia}},
  crossref =	 {kochNordlinger},
  OPTkey = 	 {},
  pages =	 {263--295},
  OPTpublisher =	 {Walter de Gruyter GmbH},
  OPTyear =	 {2014},
  OPTeditor =	 {Harold Koch and Rachel Nordlinger},
  OPTvolume = 	 {},
  OPTnumber = 	 {},
  OPTseries = 	 {},
  OPTtype = 	 {},
  chapter =	 {6},
  OPTaddress =	 {Berlin/Boston},
  OPTedition = 	 {},
  OPTmonth = 	 {},
  OPTnote = 	 {},
  OPTannote = 	 {}
}

@Article{bowern10,
  author = 	 {Claire Bowern},
  title = 	 {The typological implications of {Bardi} complex predicates},
  journal = 	 {Linguistic Typology},
  year = 	 {2010},
  OPTkey = 	 {},
  volume =	 {14},
  OPTnumber = 	 {},
  pages =	 {39--70},
  OPTmonth = 	 {},
  OPTnote = 	 {},
  OPTannote = 	 {}
}

@Book{nordlinger98w,
  author = 	 {Rachel Nordlinger},
  title = 	 {A Grammar of {Wambaya}, {Northern} {Territory} ({Australia})},
  year =	 {1998},
  ALTdate = 	 {},
  OPTkey = 	 {},
  OPTeditor = 	 {},
  OPTeditora = 	 {},
  OPTeditorb = 	 {},
  OPTeditorc = 	 {},
  OPTtranslator = {},
  OPTannotator = {},
  OPTcommentator = {},
  OPTintroduction = {},
  OPTforeword =  {},
  OPTafterword = {},
  OPTsubtitle =  {},
  OPTtitleaddon = {},
  OPTmaintitle = {},
  OPTmainsubtitle = {},
  OPTmaintitleaddon = {},
  OPTlanguage =  {},
  OPToriglanguage = {},
  OPTvolume = 	 {},
  OPTpart = 	 {},
  OPTedition = 	 {},
  OPTvolumes = 	 {},
  series =	 {C},
  number =	 {140},
  OPTnote = 	 {},
  publisher =	 {Pacific Linguistics},
  location =	 {Canberra},
  OPTisbn = 	 {},
  OPTchapter = 	 {},
  OPTpages = 	 {},
  OPTpagetotal = {},
  OPTaddendum =  {},
  OPTpubstate =  {},
  OPTdoi = 	 {},
  OPTeprint = 	 {},
  OPTeprintclass = {},
  OPTeprinttype = {},
  OPTurl = 	 {},
  OPTurldate = 	 {},
  OPTannote = 	 {}
}

@Article{nordlinger06,
  author = 	 {Rachel Nordlinger},
  title = 	 {Spearing the {Emu} Drinking: {Subordination} and the Adjoined Relative Clause in {Wambaya}},
  journal = 	 {Australian Journal of Linguistics},
  year = 	 {2006},
  OPTkey = 	 {},
  volume =	 {26},
  number =	 {1},
  pages =	 {5--29},
  OPTannote = 	 {}
}

@InCollection{nordlinger10,
  author = 	 {Rachel Nordlinger},
  title = 	 {Complex predicates in {Wambaya}: detaching predicate composition from syntactic structure},
  booktitle = 	 {Complex Predicates: Cross-linguistic Perspectives on Event Structure},
  OPTcrossref =  {},
  OPTkey = 	 {},
  pages =	 {237--258},
  publisher =	 {Cambridge},
  year =	 {2010},
  editor =	 {Mengistu Amberber and Brett baker and Mark Harvey},
  OPTvolume = 	 {},
  OPTnumber = 	 {},
  OPTseries = 	 {},
  OPTtype = 	 {},
  chapter =	 {8},
  OPTaddress = 	 {},
  OPTedition = 	 {},
  OPTannote = 	 {}
}

@InCollection{nordlinger14,
  author = 	 {Rachel Nordlinger},
  title = 	 {Constituency and grammatical relations in {Australian} languages},
  crossref =	 {kochNordlinger},
  OPTkey = 	 {},
  OPTisbn = 	 {},
  chapter =	 {5},
  pages =	 {215--261},
  OPTaddendum =  {},
  OPTpubstate =  {},
  OPTdoi = 	 {},
  OPTeprint = 	 {},
  OPTeprintclass = {},
  OPTeprinttype = {},
  OPTurl = 	 {},
  OPTurldate = 	 {},
  OPTannote = 	 {}
}

@InCollection{hale76,
  author = 	 {Kenneth Hale},
  title = 	 {The adjoined relative clause in {Australia}},
  booktitle = 	 {Grammatical categories in {Australian} languages},
  OPTcrossref =  {},
  OPTkey = 	 {},
  pages =	 {78--105},
  publisher =	 {AIAS},
  year =	 {1976},
  editor =	 {Robert M. W. Dixon},
  OPTchapter = 	 {4},
  address =	 {Canberra},
  OPTannote = 	 {}
}

@ARTICLE{hale83,
  author = {Kenneth Hale},
  title = {Warlpiri and the Grammar of Non-Configurational Languages},
  journal = {Natural Language and Linguistic Theory},
  year = {1983},
  volume = {1},
  pages = {5--47},
  number = {1}
}

@InCollection{bittnerhale95,
  author = 	 {Maria Bittner and Kenneth Hale},
  title = 	 {Remarks on Definiteness in {Warlpiri}},
  OPTbooktitle = 	 {},
  crossref =	 {qnl95},
  OPTkey = 	 {},
  pages =	 {81--106},
  OPTannote = 	 {}
}

@InCollection{bittnertrondhjem08,
  author = 	 {Maria Bittner and Naja Trondhjem},
  title = 	 {Quantification as reference: {Evidence} from {Q}-verbs},
  crossref =	 {qclp08},
  OPTchapter = 	 {},
  pages =	 {7--66},
  OPTannote = 	 {}
}

@InCollection{halekeyser93,
  author = 	 {Kenneth Hale and Samuel Jay Keyser},
  title = 	 {On argument structure and the lexical expression of syntactic relations},
  booktitle = 	 {The View from Building 20: {Essays} in Linguistics in Honor of {Sylvain} {Bromberger}},
  OPTcrossref =  {},
  OPTkey = 	 {},
  pages =	 {53--109},
  publisher =	 {MIT Press},
  year =	 {1993},
  editor =	 {Kenneth Hale and Samuel Jay Keyser},
  OPTchapter = 	 {},
  address =	 {Cambridge, MA},
  OPTannote = 	 {}
}

@InCollection{halekeyser97,
  author = 	 {Kenneth Hale and Samuel Jay Keyser},
  title = 	 {On the complex nature of simple predicators},
  OPTbooktitle = 	 {},
  crossref =	 {compred97},
  OPTkey = 	 {},
  pages =	 {29--65},
  OPTannote = 	 {}
}

@Book{halekeyser02,
  author = 	 {Kenneth Hale and Samuel Jay Keyser},
  ALTeditor = 	 {},
  title = 	 {Prolegomenon to a Theory of Argument Structure},
  publisher = 	 {MIT Press},
  year = 	 {2002},
  OPTnumber = 	 {39},
  OPTseries = 	 {Linguistic Inquiry Monographs},
  address =	 {Cambridge, MA},
  OPTannote = 	 {}
}

@PHDTHESIS{ross67,
  author = {Ross, John Robert},
  title = {Constraints on Variables in Syntax},
  school = {Massachusetts Institute of Technology},
  url = {http://hdl.handle.net/1721.1/15166},
  year = {1967},
  annote = {Vita. Massachusetts Institute of Technology. Dept. of Modern Languages
	and Linguistics. Thesis. 1967. Ph.D.}
}

@Book{mcgregor90,
  author =	 {William B. McGregor},
  ALTeditor = 	 {},
  title = 	 {A Functional Grammar of {Gooniyandi}},
  publisher = 	 {John Benjamins},
  year = 	 {1990},
  OPTvolume = 	 {},
  OPTnumber = 	 {},
  OPTseries = 	 {},
  address =	 {Amsterdam / Philadelphia},
  OPTannote = 	 {}
}

@InCollection{mcgregor96,
  author = 	 {William B. McGregor},
  title = 	 {The grammar of nominal prefixing in {Nyulnyul}},
  crossref =	 {inalien96},
  OPTkey = 	 {},
  OPTvolume = 	 {},
  OPTpart = 	 {},
  OPTedition = 	 {},
  OPTvolumes = 	 {},
  OPTseries = 	 {},
  OPTnumber = 	 {},
  OPTchapter = 	 {},
  pages =	 {251--292},
  OPTannote = 	 {}
}

@Book{mcgregor97,
  author =	 {William B. McGregor},
  ALTeditor = 	 {},
  title = 	 {Semiotic Grammar},
  publisher = 	 {Oxford University Press},
  year = 	 {1997},
  OPTkey = 	 {},
  OPTvolume = 	 {},
  OPTnumber = 	 {},
  OPTseries = 	 {},
  OPTaddress = 	 {Oxford},
  OPTedition = 	 {},
  OPTmonth = 	 {},
  OPTnote = 	 {},
  OPTannote = 	 {}
}

@article{mcgregor97disc,
  author                     = {William B. McGregor},
  journal                    = {Functions of Language},
  number                     = {1},
  pages                      = {83-114},
  title                      = {Functions of noun phrase discontinuity in {Gooniyandi}},
  volume                     = {4},
  year                       = {1997},
  OPTaiatsis_callnumber         = {Online},
  OPTaiatsis_code               = {K6},
  OPTaiatsis_reference_language = {Gooniyandi},
  OPTinlg                       = {English [eng]},
  OPTkeywords                   = {Australia, Syntax},
  OPTlgcode                     = {Gooniyandi [gni]},
  OPTmacro_area                 = {Australia},
  OPTozbib_id                   = {3945},
  OPTozbibreftype               = {17}
}

@InCollection{mcgregor05,
title = "Quantifying depictive secondary predicates in {Australian} languages",
author = {William B. McGregor},
year = "2005",
pages = "173--200",
editor = "Nikolaus P. Himmelmann and Eva Schultze-Berndt",
booktitle = "Secondary predicaton and adverbial modification",
publisher = "Oxford University Press",
}

@Book{mcgregor02,
  author =	 {William B. McGregor},
  ALTeditor = 	 {},
  title = 	 {Verb Classification in {Australian} Languages},
  publisher = 	 {Mouton de Gruyter},
  year = 	 {2002},
  OPTvolume =	 {},
  number =	 {25},
  series =	 {Empirical Approaches to Language Typology},
  address =	 {Berlin / New York},
  OPTannote = 	 {}
}

@Book{wilson99,
  author =	 {Stephen Wilson},
  ALTeditor = 	 {},
  title = 	 {Coverbs and Complex Predicates in {Wagiman}},
  publisher = 	 {CSLI},
  year = 	 {1999},
  OPTkey = 	 {},
  OPTvolume = 	 {},
  OPTnumber = 	 {},
  series =	 {Stanford Monographs in Linguistics},
  address =	 {Stanford},
  OPTannote = 	 {}
}

@Thesis{singer01,
  author = 	 {Ruth Singer},
  title = 	 {The inclusory construction in {Australian} languages},
  type = 	 {Honours thesis},
  institution =  {University of Melbourne},
  year =	 {2001},
  ALTdate = 	 {},
  OPTkey = 	 {},
  OPTsubtitle =  {},
  OPTtitleaddon = {},
  OPTlanguage =  {},
  OPTnote = 	 {},
  OPTlocation =  {},
  OPTmonth = 	 {},
  OPTisbn = 	 {},
  OPTchapter = 	 {},
  OPTpages = 	 {},
  OPTpagetotal = {89},
  OPTaddendum =  {},
  OPTpubstate =  {},
  OPTdoi = 	 {},
  OPTeprint = 	 {},
  OPTeprintclass = {},
  OPTeprinttype = {},
  url =		 {http://hdl.handle.net/11343/39215},
  OPTurldate = 	 {},
  OPTannote = 	 {}
}

@Unpublished{singercvc,
  author = 	 {Ruth Singer},
  title = 	 {Argument to coverb: tracing the development of {Mawng} coverb constructions},
  note = 	 {Ms.},
  OPTkey = 	 {},
  month =	 {October},
  year =	 {2005},
  OPTannote = 	 {}
}

@Article{singerip,
  author = 	 {Ruth Singer},
  title = 	 {Initial position as a heterogeneous category: use of word order and intonation to express object focus in {Mawng}},
  OPTjournal = 	 {},
  year = 	 {\noop{3006}to~appear},
  OPTkey = 	 {},
  OPTvolume = 	 {},
  OPTnumber = 	 {},
  OPTpages = 	 {},
  OPTmonth = 	 {},
  OPTnote = 	 {},
  OPTannote = 	 {}
}

@Online{mphdict,
  author =	 {Ruth Singer and Nita Garidjalalug and Heather Hewett and Peggy Mirwuma and Phillip Ambidjambidj},
  ALTeditor = 	 {},
  title = 	 {Mawng dictionary},
  year =	 {2015},
  ALTdate = 	 {},
  url = 	 {http://www.mawngngaralk.org.au/main/dictionary.php},
  OPTkey = 	 {},
  OPTsubtitle =  {},
  OPTtitleaddon = {},
  OPTlanguage =  {},
  version =	 {1.0},
  OPTnote = 	 {},
  OPTorganization = {},
  OPTurldate =	 {October 2015},
  OPTannote = 	 {}
}

@Article{singerharris,
  author = 	 {Ruth Singer and Salome Harris},
  title = 	 {What practices and ideologies support small-scale multilingualism? {A} case study of unexpected language survival in an {Australian} {Indigenous} community},
  OPTjournal = 	 {},
  year = 	 {\noop{3008}in~prep.},
  OPTkey = 	 {},
  OPTvolume = 	 {},
  OPTnumber = 	 {},
  OPTpages = 	 {},
  OPTmonth = 	 {},
  OPTnote = 	 {},
  OPTannote = 	 {}
}

@InCollection{simpson07,
  author = 	 {Jane Simpson},
  title = 	 {Expressing Pragmatic Constraints on Word Order},
  booktitle = 	 {Architectures, Rules and Preferences: {Variations} on Themes by {Joan} {W.} {Bresnan}},
  OPTcrossref =  {},
  OPTkey = 	 {},
  pages =	 {403--427},
  publisher =	 {CSLI Publications},
  year =	 {2007},
  editor =	 {Annie Zaenen and Jane Simpson and Tracy Holloway King and Jane Grimshaw and Joan Maling and Chris Manning},
  OPTvolume = 	 {},
  OPTnumber = 	 {},
  OPTseries = 	 {},
  OPTtype = 	 {},
  OPTchapter = 	 {},
  address =	 {Stanford},
  OPTannote = 	 {}
}

@InCollection{laughren02,
  author = 	 {Mary Laughren},
  title = 	 {Syntactic Constraints in a `Free Word Order' Language},
  booktitle = 	 {Language Universals and Variation},
  OPTcrossref =  {},
  OPTkey = 	 {},
  pages =	 {83--130},
  publisher =	 {Praeger},
  year =	 {2002},
  editor =	 {Mengistu Amberber and Peter Collins},
  OPTvolume = 	 {},
  OPTnumber = 	 {},
  OPTseries = 	 {},
  OPTtype = 	 {},
  OPTchapter = 	 {},
  address =	 {Westport, CT},
  OPTannote = 	 {}
}

@PhdThesis{legate02,
  author = 	 {Julie A. Legate},
  title = 	 {Warlpiri: Theoretical Implications},
  school = 	 {Massachusetts Institute of Technology},
  year = 	 {2002},
  OPTkey = 	 {},
  OPTtype = 	 {},
  OPTaddress = 	 {},
  OPTmonth = 	 {},
  OPTnote = 	 {},
  OPTannote = 	 {}
}

@Article{legate08,
  author = 	 {Julie A. Legate},
  title = 	 {Morphological and abstract case},
  journal = 	 {Linguistic Inquiry},
  year = 	 {2008},
  OPTkey = 	 {},
  volume =	 {39},
  OPTnumber = 	 {},
  pages =	 {55--101},
  OPTmonth = 	 {},
  OPTnote = 	 {},
  OPTannote = 	 {}
}

@Article{legate08spc,
  author = 	 {Julie A. Legate},
  title = 	 {Warlpiri and the theory of second position clitics},
  journal = 	 {Natural Language and Linguistic Theory},
  year = 	 {2008},
  OPTkey = 	 {},
  volume =	 {26},
  OPTnumber = 	 {},
  pages =	 {3--60},
  OPTmonth = 	 {},
  OPTnote = 	 {},
  OPTannote = 	 {}
}

@Book{blake87,
  author =	 {Barry Blake},
  ALTeditor = 	 {},
  title = 	 {Australian {Aboriginal} Grammar},
  publisher = 	 {Croom Helm},
  year = 	 {1987},
  address =	 {Sydney},
  OPTannote = 	 {}
}

@Book{butt95,
  author =	 {Miriam Butt},
  ALTeditor = 	 {},
  title = 	 {The structure of complex predicates in {Urdu}},
  publisher = 	 {CSLI},
  year = 	 {1995},
   OPTseries = 	 {},
  address =	 {Stanford},
   OPTannote = 	 {}
}

@InCollection{butt97,
  author = 	 {Miriam Butt},
  title = 	 {Complex predicates in {Urdu}},
  OPTbooktitle = 	 {},
  crossref =	 {compred97},
  OPTchapter = 	 {},
  OPTpages = 	 {107--149},
  OPTannote = 	 {}
}

@InCollection{durie97,
  author = 	 {Mark Durie},
  title = 	 {Grammatical structures in verb serialization},
  OPTbooktitle = 	 {},
  crossref =	 {compred97},
  OPTkey = 	 {},
  pages =	 {289--354},
  OPTannote = 	 {}
}

@InCollection{buttramchand03,
  author =	 {Miriam Butt and Gillian Ramchand},
  booktitle = 	 {Syntax of Aspect: Deriving Thematic and Aspectual Interpretation},
  title = 	 {Complex Aspectual Structure in {Hindi}/{Urdu}},
  OPTcrossref =  {},
  OPTkey = 	 {},
  pages =	 {117--153},
  publisher =	 {Oxford University Press},
  year =	 {2003},
  editor =	 {Erteschik-Shir, Nomi and Rapoport, Tova},
  OPTvolume = 	 {},
  OPTnumber = 	 {},
  OPTseries = 	 {},
  OPTtype = 	 {},
  OPTchapter = 	 {},
  address =	 {Oxford},
  OPTedition = 	 {},
  OPTmonth = 	 {},
  OPTnote = 	 {},
  OPTannote = 	 {}
}

@Book{compred97,
  ALTauthor = 	 {},
  editor = 	 {Alex Alsina and Joan Bresnan and Peter Sells},
  title = 	 {Complex Predicates},
  publisher = 	 {CSLI},
  year = 	 {1997},
  OPTkey = 	 {},
  OPTvolume = 	 {},
  OPTnumber = 	 {},
  OPTseries = 	 {},
  address =	 {Stanford},
  OPTedition = 	 {},
  OPTmonth = 	 {},
  OPTnote = 	 {},
  OPTannote = 	 {}
}

@InCollection{goldberg04,
  author = 	 {Adele E. Goldberg},
  title = 	 {Pragmatics and Argument Structure},
  booktitle = 	 {The Handbook of Pragmatics},
  OPTcrossref =  {},
  OPTkey = 	 {},
  pages =	 {427--441},
  publisher =	 {Blackwell Publishing},
  year =	 {2004},
  editor =	 {Laurence R. Horn and Gregory Ward},
  OPTaddress = 	 {},
  OPTannote = 	 {}
}

@INCOLLECTION{rizzi97,
  author = {Rizzi, Luigi},
  title = {The fine structure of the left periphery},
  booktitle = {Elements of Grammar: Handbook in Generative Syntax},
  publisher = {Kluwer},
  year = {1997},
  editor = {Haegeman, Liliane},
  pages = {281--337},
  address = {Dordrecht}
}

@INCOLLECTION{rizzi78,
  author = {Rizzi, Luigi},
  title = {A restructuring rule in {Italian} syntax},
  booktitle = {Recent Transformational Studies in {European} Languages},
  publisher = {MIT Press},
  year = {1978},
  editor = {Samuel Jay Keyser},
  pages = {113--158},
  address = {Cambridge, MA},
  annote = {206 pp. Revision of prev. pub. essay},
  keywords = {Italian language; syntax}
}

@PhdThesis{saulwick03,
  author = 	 {Adam Saulwick},
  title = 	 {Aspects of the verb in {Rembarrnga}, a polysynthetic language of northern {Australia}: {Grammatical} description, texts and dictionary},
  school = 	 {University of Melbourne},
  year = 	 {2003},
  OPTkey = 	 {},
  OPTtype = 	 {},
  OPTaddress =	 {Melbourne},
  OPTmonth = 	 {},
  OPTnote = 	 {},
  OPTannote = 	 {}
}

@Book{heinekuteva02,
  author =	 {Bernd Heine and Tania Kuteva},
  ALTeditor = 	 {},
  title = 	 {World Lexicon of Grammaticalization},
  publisher = 	 {Cambridge University Press},
  year = 	 {2002},
  OPTkey = 	 {},
  OPTvolume = 	 {},
  OPTnumber = 	 {},
  OPTseries = 	 {},
  OPTaddress = 	 {},
  OPTedition = 	 {},
  OPTmonth = 	 {},
  OPTnote = 	 {},
  OPTannote = 	 {}
}

@Unpublished{ershova15,
  author = 	 {Ksenia Ershova},
  title = 	 {Nominalizations in {Bzhedug} {Adyghe}: Noun Incorporation and Argument Structure},
  note = 	 {Ms., UChicago},
  OPTkey = 	 {},
  OPTmonth =	 {April},
  year =	 {2015},
  OPTannote = 	 {}
}

@Article{simsparker15,
  author = 	 {Andrea D. Sims and Jeff Parker},
  title = 	 {Lexical processing and affix ordering: cross-linguistic predictions},
  journal = 	 {Morphology},
  year = 	 {2015},
  OPTkey = 	 {},
  volume =	 {25},
  OPTnumber = 	 {},
  pages =	 {143--182},
  OPTannote = 	 {}
}

@Article{gibson98,
  author = 	 {Edward Gibson},
  title = 	 {Linguistic complexity: locality of syntactic dependencies},
  journal = 	 {Cognition},
  year = 	 {1998},
  OPTkey = 	 {},
  volume =	 {68},
  OPTnumber = 	 {},
  pages =	 {1--76},
  OPTmonth = 	 {},
  OPTnote = 	 {},
  OPTannote = 	 {}
}

@Misc{linger,
  OPTkey = 	 {},
  author =	 {Doug Rohde},
  title =	 {Linger},
  howpublished = {\url{http://tedlab.mit.edu/\textasciitilde{}dr/Linger/}},
  OPTmonth = 	 {},
  year =	 {2003},
  OPTnote = 	 {},
  OPTannote = 	 {}
}

@InCollection{comrie78,
  author = 	 {Bernard Comrie},
  title = 	 {Ergativity},
  booktitle = 	 {Syntactic typology: {Studies} in the phenomenology of language},
  OPTcrossref =  {},
  OPTkey = 	 {},
  pages =	 {329--394},
  publisher =	 {University of Texas Press},
  year =	 {1978},
  editor =	 {Winfred P. Lehmann},
  OPTvolume = 	 {},
  OPTnumber = 	 {},
  OPTseries = 	 {},
  OPTtype = 	 {},
  OPTchapter = 	 {},
  address =	 {Austin, TX},
  OPTannote = 	 {}
}

@Book{comrie85,
  author = 	 {Bernard Comrie},
  title = 	 {Tense},
  year =	 {1985},
  ALTdate = 	 {},
  OPTkey = 	 {},
  OPTnote = 	 {},
  publisher =	 {Cambridge University Press},
  OPTlocation =  {},
  OPTisbn = 	 {},
  OPTpagetotal = {},
  OPTannote = 	 {}
}

@InCollection{gishev08,
  author =	 {Nukh Turkubijevich Gishev},
  ALTeditor = 	 {},
  booktitle = 	 {Izbrannye trudy po jazykoznaniju [{Selected} works in Linguistics]},
  title = 	 {K probleme ob opredelennosti-neopredelennosti [{On} the issue of (in)definiteness]},
  publisher = 	 {Kachestvo},
  year = 	 {2008},
  OPTkey = 	 {},
  OPTvolume = 	 {},
  OPTnumber = 	 {},
  OPTseries = 	 {},
  OPTtype = 	 {},
  address =	 {Maykop},
  OPTedition = 	 {},
  OPTmonth = 	 {},
  pages =	 {40--92},
  OPTnote = 	 {},
  OPTannote = 	 {}
}

@Article{potsdampolinsky12,
  author = 	 {Eric Potsdam and Maria Polinsky},
  title = 	 {Backward Raising},
  journal = 	 {Syntax},
  year = 	 {2012},
  OPTkey = 	 {},
  volume =	 {15},
  number =	 {1},
  pages =	 {75--108},
  OPTannote = 	 {}
}

@InProceedings{potsdam99,
  author = 	 {Eric Potsdam},
  title = 	 {A Syntax for Adverbs},
  OPTcrossref =  {},
  OPTkey = 	 {},
  booktitle =	 {The Proceedings of the Twenty-Seventh {Western} Conference on Linguistics},
  year =	 {1999},
  editor =	 {Elly van Gelderen and Vida Samiian},
  pages =	 {397--411},
  address =	 {Fresno, CA},
  OPTorganization = {},
  publisher =	 {California State University},
  OPTannote = 	 {}
}

@PhdThesis{sitimova04,
  author = 	 {Sara S. Sitimova},
  title = 	 {Osobennosti bzhedugskogo dialekta adygejskogo jazyka [{Specifics} of the {Bzhedug} dialect of {Adyghe}]},
  school = 	 {Adygea State University},
  year = 	 {2004},
  OPTkey = 	 {},
  OPTtype = 	 {},
  address =	 {Maykop},
  OPTmonth = 	 {},
  OPTnote = 	 {},
  OPTannote = 	 {}
}

@Book{rokugava,
  author =	 {Georgiy V. Rogava and Zajnab I. Kerasheva},
  ALTeditor = 	 {},
  title = 	 {Grammatika adygejskogo jazyka [{The} grammar of {Adyghe}]},
  publisher = 	 {Krasnodarskoe knizhnoe izdatel'stvo},
  year = 	 {1966},
  OPTkey = 	 {},
  OPTvolume = 	 {},
  OPTnumber = 	 {},
  OPTseries = 	 {},
  address =	 {Krasnodar / Maykop},
  OPTedition = 	 {},
  OPTmonth = 	 {},
  OPTnote = 	 {},
  OPTannote = 	 {}
}

@Unpublished{harveyndwrz,
  author = 	 {Mark Harvey},
  title = 	 {Warray Grammar},
  note = 	 {Unpublished ms.},
  OPTkey = 	 {},
  OPTmonth = 	 {},
  OPTyear = 	 {},
  OPTannote = 	 {}
}

@InCollection{harvey03,
  author = 	 {Mark Harvey},
  title = 	 {An initial reconstruction of {Proto} {Gunwinyguan} phonology},
  OPTbooktitle = 	 {},
  crossref =	 {npn03},
  OPTkey = 	 {},
  pages =	 {205--268},
  OPTpublisher =	 {},
  OPTyear =	 {},
  OPTeditor =	 {},
  OPTseries = 	 {},
  OPTtype = 	 {},
  chapter =	 {8},
  OPTaddress =	 {},
  OPTedition = 	 {},
  OPTannote = 	 {}
}

@Article{bakerharvey03,
  author = 	 {Brett Baker and Mark Harvey},
  title = 	 {Word Structure in {Australian} Languages},
  journal = 	 {Australian Journal of Linguistics},
  year = 	 {2003},
  OPTkey = 	 {},
  volume =	 {23},
  number =	 {1},
  pages =	 {3--33},
  OPTmonth = 	 {},
  OPTnote = 	 {},
  OPTannote = 	 {}
}

@Collection{ncaa97,
  ALTauthor = 	 {},
  editor =	 {Mark Harvey and Nicholas Reid},
  title = 	 {Nominal Classification in {Aboriginal} {Australia}},
  publisher = 	 {John Benjamins},
  year = 	 {1997},
  OPTkey = 	 {},
  OPTvolume = 	 {},
  OPTnumber = 	 {37},
  OPTseries = 	 {Studies in Language Companion},
  address =	 {Philadelphia, {PA}},
  OPTedition = 	 {},
  OPTmonth = 	 {},
  OPTnote = 	 {},
  OPTannote = 	 {}
}

@InCollection{harveyreid97,
  author = 	 {Mark Harvey and Nicholas Reid},
  title = 	 {Introduction},
  crossref =	 {ncaa97},
  OPTkey = 	 {},
  pages =	 {1--15},
  OPTannote = 	 {}
}

@InCollection{harvey97,
  author = 	 {Mark Harvey},
  title = 	 {Nominal Classification and Gender in {Aboriginal} {Australia}},
  crossref =	 {ncaa97},
  OPTkey = 	 {},
  OPTchapter = 	 {},
  pages =	 {17--62},
  OPTannote = 	 {}
}

@InCollection{reid97,
  author = 	 {Nicholas Reid},
  title = 	 {Class and Classifier in {Ngan'gityemerri}},
  OPTbooktitle = 	 {},
  crossref =	 {ncaa97},
  pages =	 {165--228},
  OPTannote = 	 {}
}

@PhdThesis{mckay75,
  author = 	 {Graham Richard McKay},
  title = 	 {Rembarnga: A Language of {Central} {Arnhem} {Land}},
  school = 	 {ANU},
  year = 	 {1975},
  OPTkey = 	 {},
  OPTtype = 	 {},
  OPTaddress = 	 {},
  OPTmonth = 	 {}
}

@Article{mckay78,
  author = 	 {Graham Richard McKay},
  title = 	 {Pronominal Person and Number Categories in Rembarrnga and Djeebbana},
  journal = 	 {Oceanic Linguistics},
  year = 	 {1978},
  OPTkey = 	 {},
  volume =	 {17},
  number =	 {1},
  pages =	 {27--37},
  OPTmonth = 	 {Summer},
  OPTnote = 	 {},
  OPTannote = 	 {}
}

@InCollection{mckay2000,
  author = 	 {Graham Richard McKay},
  title = 	 {Ndj\'{e}bbana},
  year =	 {2000},
  ALTdate = 	 {},
  OPTcrossref =  {},
  OPTkey = 	 {},
  OPTbooktitle =	 {},
  editor =	 {R.M.W. Dixon and Barry J. Blake},
  OPTeditora = 	 {},
  OPTeditorb = 	 {},
  OPTeditorc = 	 {},
  OPTsubtitle =  {},
  OPTtitleaddon = {},
  maintitle =	 {The Handbook of {Australian} languages},
  OPTmainsubtitle = {},
  maintitleaddon ={Grammatical sketches of {Bunuba}, {Ndje\'ebbana} and {Kugu} {Nganhcara}},
  OPTbooksubtitle = {},
  OPTbooktitleaddon = {},
  OPTlanguage =  {},
  OPToriglanguage = {},
  volume =	 {5},
  OPTpart = 	 {},
  OPTedition = 	 {},
  OPTvolumes = 	 {},
  OPTseries = 	 {},
  OPTnumber = 	 {},
  OPTnote = 	 {},
  publisher =	 {Oxford University Press},
  location =	 {Melbourne},
  OPTisbn = 	 {},
  OPTchapter = 	 {},
  pages =	 {155--354},
  OPTannote = 	 {}
}

@InProceedings{mckay08,
  author = 	 {Graham Richard McKay},
  title = 	 {Cohesive features in {Rembarrnga} narratives},
  OPTcrossref =  {},
  OPTkey = 	 {},
  booktitle =	 {Selected papers from the 2007 Conference of the {Australian} {Linguistic} {Society}},
  OPTpages = 	 {},
  year =	 {2008},
  editor =	 {Timothy Jowan Curnow},
  OPTvolume = 	 {},
  OPTnumber = 	 {},
  OPTseries = 	 {},
  OPTaddress = 	 {},
  OPTmonth = 	 {},
  OPTorganization = {},
  OPTpublisher = {},
  OPTnote = 	 {},
  OPTannote = 	 {}
}

@InCollection{malchukov14,
  author = 	 {Andrej Malchukov},
  title = 	 {Resolving alignment conflicts: A competing motivations approach},
  booktitle = 	 {Competing Motivations in Grammar and Usage},
  OPTcrossref =  {},
  OPTkey = 	 {},
  pages =	 {17--41},
  publisher =	 {Oxford University Press},
  year =	 {2014},
  editor =	 {Brian MacWhinney and Andrej Malchukov and Edith Moravcsik},
  OPTvolume = 	 {},
  OPTnumber = 	 {},
  OPTseries = 	 {},
  OPTtype = 	 {},
  OPTchapter = 	 {},
  OPTaddress = 	 {}
}

@Article{verstraete05,
  author = 	 {Jean-Christophe Verstraete},
  title = 	 {The semantics and pragmatics of composite mood marking: {The} non-{Pama}-{Nyungan} languages of northern {Australia}},
  journal = 	 {Linguistic Typology},
  year = 	 {2005},
  OPTkey = 	 {},
  volume =	 {9},
  OPTnumber = 	 {},
  pages =	 {223--268},
  OPTmonth = 	 {},
  OPTnote = 	 {},
  OPTannote = 	 {}
}

@Book{heath78,
  author = 	 {Jeffrey Heath},
  title = 	 {Ngandi grammar, texts, and dictionary},
  year =	 {1978},
  OPTnumber = 	 {},
  OPTnote = 	 {},
  publisher =	 {Australian Institute of {Aboriginal} Studies},
  location =	 {Canberra},
  OPTannote = 	 {}
}

@Book{nuydict,
  author =	 {Jeffrey Heath},
  ALTeditor = 	 {},
  title = 	 {Nunggubuyu dictionary},
  publisher = 	 {Australian Institute of {Aboriginal} Studies},
  year = 	 {1982},
  address =	 {Canberra},
  OPTannote = 	 {}
}

@Book{heath84,
  author =	 {Jeffrey Heath},
  ALTeditor = 	 {},
  title = 	 {Functional grammar of {Nunggubuyu}},
  publisher = 	 {Australian Institute of {Aboriginal} Studies},
  year = 	 {1984},
  OPTkey = 	 {},
  address =	 {Canberra},
  OPTannote = 	 {}
}

@Article{woolford06case,
  author = 	 {Ellen Woolford},
  title = 	 {Lexical Case, Inherent Case, and Argument Structure},
  journal = 	 {Linguistic Inquiry},
  year = 	 {2006},
  OPTkey = 	 {},
  volume =	 {37},
  number =	 {1},
  pages =	 {111--130},
  OPTmonth = 	 {},
  OPTnote = 	 {},
  OPTannote = 	 {}
}

@Article{jelinek84,
  author = 	 {Eloise Jelinek},
  title = 	 {Empty categories, case and configurationality},
  journal = 	 {Natural Language and Linguistic Theory},
  year = 	 {1984},
  OPTkey = 	 {},
  volume =	 {2},
  number =	 {1},
  pages =	 {39--76},
  OPTannote = 	 {}
}

@InCollection{jelinek95,
  author = 	 {Eloise Jelinek},
  title = 	 {Quantification in {Straights} {Salish}},
  ALTyear = 	 {},
  ALTdate = 	 {},
  crossref =	 {qnl95},
  OPTchapter = 	 {},
  pages =	 {487--540},
}

@Misc{mansfield-pvmp,
  OPTkey = 	 {},
  author =	 {John B. Mansfield},
  title =	 {Borrowed verbs and the expansion of light verb phrases in {Murrinhpatha}},
  howpublished = {Ms.},
  OPTmonth = 	 {},
  OPTyear = 	 {},
  OPTnote = 	 {},
  OPTannote = 	 {}
}

@TechReport{sila01,
  author = 	 {Patric McConvell and Nicholas Thieberger},
  title = 	 {State of {Indigenous} languages in {Australia} -- 2001},
  institution =  {Department of the Environment and Heritage},
  year = 	 {2001},
  OPTkey = 	 {},
  OPTtype = 	 {Australia: State of the Environment Second Technical Paper Series No. 2 (Natural and Cultural Heritage)},
  OPTnumber = 	 {},
  OPTaddress = 	 {},
  month =	 {November},
  OPTnote = 	 {},
  OPTannote = 	 {}
}

@InCollection{mcconvell10,
  author = 	 {Patric McConvell},
  title = 	 {Contact and {Indigenous} languages in {Australia}},
  booktitle = 	 {The Handbook of Language Contact},
  OPTcrossref =  {},
  OPTkey = 	 {},
  pages =	 {770--794},
  publisher =	 {Oxford University Press},
  year =	 {2010},
  editor =	 {Raymond Hickey},
  OPTvolume = 	 {},
  OPTnumber = 	 {},
  OPTseries = 	 {},
  OPTtype = 	 {},
  OPTchapter = 	 {},
  OPTaddress = 	 {}
}

@Article{larson88,
  author = 	 {Richard K. Larson},
  title = 	 {On the Double Object Construction},
  journal = 	 {Linguistic Inquiry},
  year = 	 {1988},
  OPTkey = 	 {},
  volume =	 {19},
  number =	 {3},
  pages =	 {335-391},
  OPTannote = 	 {}
}

@Unpublished{austin05,
  author = 	 {Peter K. Austin},
  title = 	 {Causative and applicative constructions in {Australian} {Aboriginal} Languages},
  note = 	 {Ms., University of London},
  OPTkey = 	 {},
  OPTmonth = 	 {},
  year =	 {2005},
  OPTannote = 	 {}
}

@Thesis{cutfield11,
  author = 	 {Sarah Cutfield},
  title = 	 {Demonstratives in {Dalabon}},
  type = 	 {PhD thesis},
  institution =  {Monash University},
  year =	 {2011},
  ALTdate = 	 {},
  OPTkey = 	 {},
  subtitle =	 {A language of southwestern {Arnhem} {Land}},
  OPTpagetotal = {},
  OPTurl = 	 {},
  OPTurldate = 	 {},
  OPTannote = 	 {}
}

@InProceedings{horrack14,
  author = 	 {Kate Horrack},
  title = 	 {He jumped off the bridge {CAUS} she told him to: {Indirect} speech as a means of expressing indirect causation in {Wubuy}},
  OPTcrossref =  {},
  OPTkey = 	 {},
  booktitle =	 {Selected Papers from the 44th Conference of the {Australian} {Linguistic} {Society}, 2013},
  pages =	 {211--230},
  year =	 {2014},
  editor =	 {Lauren Gawne and Jill Vaughan},
  OPTannote = 	 {}
}

@PhdThesis{stoakes13,
  author = 	 {Hywel M. Stoakes},
  title = 	 {An Acoustic and Aerodynamic Analysis of Consonant Articulation in {Bininj} {Gun}-wok},
  school = 	 {University of Melbourne},
  year = 	 {2013},
  OPTannote = 	 {}
}

@Article{capell40-1,
  author = 	 {Arthur Capell},
  title = 	 {The Classification of Languages in {North} and {North}-West {Australia}},
  journal = 	 {Oceania},
  year = 	 {1940},
  OPTkey = 	 {},
  volume =	 {10},
  number =	 {3},
  pages =	 {241--272},
  OPTmonth = 	 {March},
  OPTnote = 	 {},
  OPTannote = 	 {}
}

@Misc{kotekhackl14,
  author = 	 {Hadas Kotek and Martin Hackl},
  title = 	 {A new syntax for multiple \textit{wh}-questions: {Evidence} from real time sentence processing},
  howpublished = {Ms., {MIT}},
  month =	 {May},
  year =	 {2014},
  URL = 	 {http://ling.auf.net/lingbuzz/001945},
  OPTannote = 	 {}
}

@InCollection{sandler99,
  author = 	 {Wendy Sandler},
  title = 	 {Cliticization and Prosodic Words in a Sign Language},
  booktitle = 	 {Studies on the Phonological Word},
  pages =	 {223--254},
  publisher =	 {John Benjamins},
  year =	 {1999},
  editor =	 {T. Alan Hall and Ursula Kleinhenz},
  OPTvolume = 	 {},
  OPTnumber = 	 {174},
  OPTseries = 	 {CILT},
  OPTtype = 	 {},
  OPTchapter = 	 {},
  address =	 {Amsterdam/Philadelphia},
  OPTannote = 	 {}
}

@Article{kendon88,
  author = 	 {Adam Kendon},
  title = 	 {Parallels and Divergences between {Warlpiri} {Sign} {Language} and Spoken {Warlpiri}: {Analyses} of Signed and Spoken Discourses},
  journal = 	 {Oceania},
  year = 	 {1988},
  OPTkey = 	 {},
  volume =	 {58},
  number =	 {4},
  pages =	 {239--254},
  OPTannote = 	 {}
}

@Article{sportiche88,
  author = 	 {Dominique Sportiche},
  title = 	 {A Theory of Floating Quantifiers and its Corrolaries for Constituent Structure},
  journal = 	 {Linguistic Inquiry},
  year = 	 {1988},
  OPTkey = 	 {},
  volume =	 {19},
  OPTnumber = 	 {},
  pages =	 {425--449},
  OPTannote = 	 {}
}

@InCollection{andrews07,
  author = 	 {Avery Andrews},
  title = 	 {Relative Clauses},
  booktitle = 	 {Language Typology and Syntactic Description},
  OPTcrossref =  {},
  OPTkey = 	 {},
  pages =	 {206--236},
  publisher =	 {Cambridge University Press},
  year =	 {2007},
  editor =	 {Timothy Shopen},
  volume =	 {II},
  OPTnumber = 	 {},
  OPTseries = 	 {},
  OPTtype = 	 {},
  OPTchapter = 	 {},
  address =	 {Cambridge},
  edition =	 {2nd},
  OPTannote = 	 {}
}

@Article{bianchi02i,
  author = 	 {Valentina Bianchi},
  title = 	 {Headed relative clauses in generative syntax---{Part} {I}},
  journal = 	 {Glot International},
  year = 	 {2002},
  OPTkey = 	 {},
  volume =	 {6},
  number =	 {7},
  pages =	 {197--204},
  OPTmonth = 	 {September},
  OPTnote = 	 {},
  OPTannote = 	 {}
}

@Article{hulseysauerland06,
  author = 	 {Sarah Hulsey and Uli Sauerland},
  title = 	 {Sorting out Relative Clauses},
  journal = 	 {Natural Language Semantics},
  year = 	 {2006},
  OPTkey = 	 {},
  volume =	 {14},
  OPTnumber = 	 {},
  pages =	 {111--137},
  OPTmonth = 	 {},
  OPTnote = 	 {},
  OPTannote = 	 {}
}

@Misc{falk10,
  OPTkey = 	 {},
  author =	 {Yehuda N. Falk},
  title = 	 {An Unmediated Analysis of Relative Clauses},
  howpublished = {Ms.\ Hebrew University of Jerusalem},
  OPTmonth = 	 {},
  year =	 {2010},
  OPTnote = 	 {},
  OPTannote = 	 {}
}

@Misc{say03,
  OPTkey = 	 {},
  author =	 {Sergey Say},
  title =	 {Struktura i semantika nachinatel'nyx konstrukcij v adygejskom jazyke \emph{[{Structure} and semantics of {Adyghe} inchoative constructions]}},
  howpublished = {Ms., St.~Petersburg},
  OPTmonth = 	 {},
  year =	 {2003},
  OPTnote = 	 {},
  OPTannote = 	 {}
}

@Article{caponigropolinsky11,
  author = 	 {Ivano Caponigro and Maria Polinsky},
  title = 	 {Relative embeddings: a {Circassian} puzzle for the syntax/semantics interface},
  journal = 	 {Natural Language and Linguistic Theory},
  year = 	 {2011},
  OPTkey = 	 {},
  volume =	 {29},
  OPTnumber = 	 {},
  pages =	 {71--122},
}

@InBook{konigsiemund07,
  title = 	 {Speech act distinctions in grammar},
  year =	 {2007},
  ALTdate = 	 {},
  author = 	 {Ekkehard K\"{o}nig and Peter Siemund},
  booktitle = 	 {Language Typology and Syntactic Description},
  OPTkey = 	 {},
  OPTbookauthor = {},
  editor =	 {Timothy Shopen},
  OPTlanguage =  {},
  OPToriglanguage = {},
  volume =	 {I: Clause structure},
  OPTpart = 	 {},
  edition =	 {Second},
  OPTvolumes = 	 {},
  OPTseries = 	 {},
  OPTnumber = 	 {},
  OPTnote = 	 {},
  publisher =	 {Cambridge University Press},
  location =	 {Cambridge/New York},
  OPTisbn = 	 {},
  chapter =	 {5},
  pages =	 {276--324},
  OPTaddendum =  {},
  OPTpubstate =  {},
  OPTdoi = 	 {}
}

@Article{coghill14,
  author = 	 {Eleanor Coghill},
  title = 	 {Differential object marking in {Neo}-{Aramaic}},
  journaltitle = {Linguistics},
  year =	 {2014},
  ALTdate = 	 {},
  OPTkey = 	 {},
  OPTeditor = 	 {},
  OPTeditora = 	 {},
  OPTeditorb = 	 {},
  OPTeditorc = 	 {},
  volume =	 {52},
  number =	 {2},
  pages =	 {335--364},
  OPTdoi = 	 {10.1515/ling-2013-0065}
}

@Article{klaiman92,
  author = 	 {Miriam H. Klaiman},
  title = 	 {Inverse languages},
  journal = 	 {Lingua},
  year = 	 {1992},
  OPTkey = 	 {},
  volume =	 {88},
  OPTnumber = 	 {},
  pages =	 {227--261},
}

@Book{zuniga06,
  author =	 {Fernando Zúñiga},
  ALTeditor = 	 {},
  title = 	 {Deixis and {Alignment}: {Inverse} systems in indigenous languages of the {Americas}},
  publisher = 	 {John Benjamins},
  year = 	 {2006},
  OPTkey = 	 {},
  OPTvolume = 	 {70},
  OPTseries = 	 {Typological Studies in Language},
  address =	 {Amsterdam/Philadelphia},
}

@Article{russelletal12,
  author = 	 {Lena Russell and Inge Genee and Eva van Lier and Fernando Zúñiga},
  title = 	 {Referential Hierarchies in Three-Participant Constructions in {Blackfoot}: {The} Effects of Animacy, Person, and Specificity},
  journal = 	 {Linguistic Discovery},
  year = 	 {2012},
  OPTkey = 	 {},
  volume =	 {10},
  number =	 {3},
  pages =	 {55--79},
}

@Article{bejarrezac09,
  author = 	 {Susana B\'{e}jar and Milan Rezac},
  title = 	 {Cyclic {Agree}},
  journal = 	 {Linguistic Inquiry},
  year = 	 {2009},
  OPTkey = 	 {},
  volume =	 {40},
  number =	 {1},
  pages =	 {35--73},
  OPTmonth = 	 {Winter},
  OPTnote = 	 {},
  OPTannote = 	 {}
}

@Thesis{devries02,
  author = 	 {Mark de Vries},
  title = 	 {The Syntax of Relativization},
  type = 	 {PhD thesis},
  institution =  {Universiteit van Amsterdam},
  year =	 {2002},
  OPTkey =          {Vries},
  ALTdate = 	 {},
  OPTpubstate =  {},
  OPTdoi = 	 {},
  OPTeprint = 	 {},
  url =		 {http://www.let.rug.nl/dvries/pdf/proefschrift-mdevries.pdf},
  OPTurldate = 	 {2016-08-22},
  OPTannote = 	 {}
}

@Book{heimkratzer98,
  author = 	 {Irene Heim and Angelika Kratzer},
  title = 	 {Semantics in Generative Grammar},
  year =	 {1998},
  ALTdate = 	 {},
  OPTkey = 	 {},
  OPTeditor = 	 {},
  OPTedition = 	 {},
  OPTvolumes = 	 {},
  OPTseries = 	 {},
  OPTnumber = 	 {},
  OPTnote = 	 {},
  publisher =	 {Blackwell},
  OPTlocation =  {},
  OPTisbn = 	 {},
  OPTchapter = 	 {},
  OPTpages = 	 {},
  OPTpagetotal = {},
}

@Book{polinsky16,
  author = 	 {Maria Polinsky},
  title = 	 {Deconstructing Ergativity: {Two} Types of Ergative Languages and Their Features},
  year =	 {2016},
  ALTdate = 	 {},
  OPTkey = 	 {},
  OPTsubtitle =  {},
  OPTtitleaddon = {},
  OPTmaintitle = {},
  OPTmainsubtitle = {},
  OPTmaintitleaddon = {},
  OPTseries = 	 {},
  OPTnumber = 	 {},
  OPTnote = 	 {},
  publisher =	 {Oxford University Press},
  location =	 {New York, NY},
  OPTisbn = 	 {},
  OPTpagetotal = {},
  OPTdoi = 	 {},
  OPTeprint = 	 {},
  OPTeprintclass = {},
  OPTeprinttype = {},
  OPTurl = 	 {},
  OPTurldate = 	 {},
  OPTannote = 	 {}
}

@Article{cinque15,
  author = 	 {Guglielmo Cinque},
  title = 	 {Three Phenomena Discriminating between ``Raising'' and ``Matching'' Relative Clauses},
  journaltitle = {Semantics-Syntax Interface},
  year =	 {2015},
  ALTdate = 	 {},
  OPTkey = 	 {},
  volume =	 {2},
  number =	 {1},
  OPTeid = 	 {},
  OPTissue = 	 {},
  OPTmonth = 	 {},
  pages =	 {1--27},
  OPTversion = 	 {},
  OPTnote = 	 {},
  OPTissn = 	 {},
  OPTdoi = 	 {},
  OPTeprint = 	 {},
  OPTeprintclass = {},
  OPTeprinttype = {},
  OPTurl = 	 {},
  OPTurldate = 	 {},
  OPTannote = 	 {}
}

@Misc{cinque16,
  author =	 {Guglielmo Cinque},
  ALTeditor = 	 {},
  title = 	 {On the double-headed analysis of ``{Headless}'' relative clauses},
  year =	 {2016},
  ALTdate = 	 {},
  OPTkey = 	 {},
  OPTsubtitle =  {},
  OPTtitleaddon = {},
  OPTlanguage =  {},
  OPThowpublished = {},
  OPTtype = 	 {},
  OPTversion = 	 {},
  OPTnote = 	 {},
  OPTorganization = {},
  OPTlocation =  {},
  OPTdate = 	 {},
  OPTmonth = 	 {},
  OPTyear = 	 {},
  OPTaddendum =  {},
  pubstate =	 {Ms.},
  OPTdoi = 	 {},
  OPTeprint = 	 {},
  OPTeprintclass = {},
  OPTeprinttype = {},
  url =		 {http://ling.auf.net/lingbuzz/003224/},
  urldate =	 {2017-05-14},
  OPTannote = 	 {}
}

@Book{ssp73,
  author = 	 {Robert P. Stockwell and Paul Schachter and Barbara Hall Partee},
  title = 	 {The major syntactic structures of {English}},
  year =	 {1973},
  ALTdate = 	 {},
  OPTkey = 	 {},
  publisher =	 {Holt, Rinehart and Winston, Inc.},
  location =	 {New York},
  OPTisbn = 	 {},
  OPTannote = 	 {}
}

@Article{grosulandman98,
  author = 	 {Alexander Grosu and Fred Landman},
  title = 	 {Strange Relatives of the Third Kind},
  journaltitle = {Natural Language Semantics},
  year =	 {1998},
  ALTdate = 	 {},
  OPTkey = 	 {},
  volume =	 {6},
  number =	 {2},
  OPTeid = 	 {},
  OPTissue = 	 {},
  OPTmonth = 	 {Summer},
  pages =	 {125--170},
  OPTdoi = 	 {},
  OPTurl = 	 {},
  OPTurldate = 	 {},
  OPTannote = 	 {}
}

@Book{kayne75,
  author = 	 {Richard S. Kayne},
  title = 	 {French Syntax: {The} Transformational Cycle},
  year =	 {1975},
  ALTdate = 	 {},
  OPTkey = 	 {},
  OPTedition = 	 {},
  OPTvolumes = 	 {},
  OPTseries = 	 {},
  OPTnumber = 	 {},
  OPTnote = 	 {},
  publisher =	 {MIT Press},
  location =	 {Cambridge, MA},
  OPTisbn = 	 {},
  OPTpagetotal = {},
  OPTdoi = 	 {},
  OPTurl = 	 {},
  OPTurldate = 	 {},
  OPTannote = 	 {}
}

@Article{bittner99,
  author = 	 {Maria Bittner},
  title = 	 {Concealed Causatives},
  journaltitle = {Natural Language Semantics},
  year =	 {1999},
  ALTdate = 	 {},
  OPTkey = 	 {},
  volume =	 {7},
  number =	 {1},
  OPTeid = 	 {},
  OPTissue = 	 {},
  OPTmonth = 	 {},
  pages =	 {1--78},
  OPTannote = 	 {}
}

@Book{corbett2000,
  author =	 {Greville G. Corbett},
  ALTeditor = 	 {},
  title = 	 {Number},
  publisher = 	 {Cambridge University Press},
  year = 	 {2000},
  OPTkey = 	 {},
  OPTvolume = 	 {},
  OPTnumber = 	 {},
  OPTseries = 	 {},
  OPTaddress = 	 {},
  OPTedition = 	 {},
  OPTmonth = 	 {},
  OPTnote = 	 {},
  OPTannote = 	 {}
}

@InCollection{corbett07,
  author = 	 {Greville G. Corbett},
  title = 	 {Gender and noun classes},
  OPTbooktitle = {},
  crossref =	 {shopen07iii},
  OPTkey = 	 {},
  pages =	 {241--279},
  OPTchapter = 	 {4},
  OPTannote = 	 {}
}

@InCollection{bowler16d,
  author = 	 {Margit Bowler},
  title = 	 {The status of degrees in {Warlpiri}},
  booktitle = 	 {Proceedings of the Semantics of {African}, {Asian} and {Austronesian} Languages 2},
  publisher =	 {Universit\"at Potsdam},
  year =	 {2016},
  editor =	 {Mira Grubic and Anne Mucha}
}

@InCollection{bowler16q,
  author = 	 {Margit Bowler},
  title = 	 {Quantification in {Warlpiri}},
  OPTbooktitle = {Handbook of Quantifiers in Natural Language},
  crossref =	 {hbq17},
  OPTkey = 	 {},
  pages =	 {963--994},
  OPTpublisher = {Springer},
  OPTyear =	 {\noop{3013}to~app.},
  OPTeditor =	 {Denis Paperno and Edward L. Keenan},
  OPTvolume =	 {2},
  OPTchapter = 	 {},
  OPTannote = 	 {}
}

@InCollection{vieira95,
  author = 	 {Marsia Damaso Vieira},
  title = 	 {The Expression of Quantificational Notions in {Asurini} do {Trocar\'a}: {Evidence} against the Universality of Determiner Quantification},
  ALTyear = 	 {},
  ALTdate = 	 {},
  crossref =	 {qnl95},
  OPTkey = 	 {},
  OPTchapter = 	 {},
  pages =	 {701--720},
}

@Article{rullmannetal08,
  author = 	 {Hotze Rullmann and Lisa Matthewson and Henry Davis},
  title = 	 {Modals as distributive indefinites},
  journal = 	 {Natural Language Semantics},
  year = 	 {2008},
  OPTkey = 	 {},
  volume =	 {16},
  pages =	 {317--357},
  OPTmonth = 	 {},
  OPTnote = 	 {},
  OPTannote = 	 {}
}

@Book{laughren81,
  author = 	 {Mary Laughren},
  title = 	 {Number {Strand} -- {Warlpiri}},
  year =	 {1981},
  ALTdate = 	 {},
  OPTkey = 	 {},
  OPTnote = 	 {},
  publisher =	 {{N.T.}\ {D}epartment of {E}ducation \& {C}urriculum {D}evelopment {C}entre},
  location =	 {Canberra},
}

@InCollection{francezgoldring12,
  author = 	 {Itamar Francez and Katja Goldring},
  title = 	 {Quantifiers in {Modern} {Hebrew}},
  crossref =	 {hbq12},
  chapter =	 {7},
  pages =	 {347--397},
}

@Article{bobaljik02,
  author = 	 {Jonathan David Bobaljik},
  title = 	 {Syncretism without paradigms: {Remarks} on {Williams} 1981, 1994},
  journaltitle = {Yearbook of Morphology 2001},
  year =	 {2002},
  ALTdate = 	 {},
  OPTkey = 	 {},
  OPTtranslator = {},
  OPTannotator = {},
  OPTcommentator = {},
  OPTsubtitle =  {},
  OPTtitleaddon = {},
  editor =	 {Geert Booij and Jaap van Marle},
  OPTeditora = 	 {},
  OPTeditorb = 	 {},
  OPTeditorc = 	 {},
  OPTjournalsubtitle = {},
  OPTissuetitle = {},
  OPTissuesubtitle = {},
  OPTlanguage =  {},
  OPToriglanguage = {},
  OPTseries = 	 {},
  OPTvolume = 	 {},
  OPTnumber = 	 {},
  OPTeid = 	 {},
  OPTissue = 	 {},
  OPTmonth = 	 {},
  pages =	 {53--85},
  OPTversion = 	 {},
  OPTnote = 	 {},
  OPTissn = 	 {},
  OPTaddendum =  {},
  OPTpubstate =  {},
  OPTdoi = 	 {},
  OPTeprint = 	 {},
  OPTeprintclass = {},
  OPTeprinttype = {},
  OPTurl = 	 {},
  OPTurldate = 	 {},
  OPTannote = 	 {}
}

@Book{bobaljik12,
  author =	 {Jonathan David Bobaljik},
  ALTeditor = 	 {},
  title = 	 {Universals in Comparative Morphology},
  publisher = 	 {MIT Press},
  year = 	 {2012},
  OPTkey = 	 {},
  OPTvolume = 	 {},
  OPTnumber = 	 {},
  OPTseries = 	 {},
  address =	 {Cambridge, MA},
}

@Article{becketal09,
  author = 	 {Sigrid Beck and Sveta Krasikova and Daniel Fleischer and Remus Gergel and Stefan Hofstetter and Christiane Savelsberg and John Vanderelst and Elisabeth Villalta},
  title = 	 {Crosslinguistic variation in comparison constructions},
  journal = 	 {Linguistic Variation Yearbook},
  year = 	 {2009},
  OPTkey = 	 {},
  volume =	 {9},
  OPTnumber = 	 {},
  pages =	 {1--66},
  OPTmonth = 	 {},
  OPTnote = 	 {},
  OPTannote = 	 {}
}

@Article{klein80,
  author = 	 {Ewan Klein},
  title = 	 {A Semantics for Positive and Comparative Adjectives},
  journal = 	 {Linguistics and Philosophy},
  year = 	 {1980},
  OPTkey = 	 {},
  volume =	 {4},
  OPTnumber = 	 {},
  pages =	 {1--45},
  OPTmonth = 	 {},
  OPTnote = 	 {},
  OPTannote = 	 {}
}

@Article{meakins15,
  author = 	 {Felicity Meakins},
  title = 	 {Not obligatory: {Bound} pronoun variation in {Gurindji} and {Bilinarra}},
  journaltitle = {Asia-Pacific Language Variation},
  year =	 {2015},
  ALTdate = 	 {},
  OPTkey = 	 {},
  OPTsubtitle =  {},
  OPTtitleaddon = {},
  volume =	 {1},
  OPTnumber = 	 {},
  OPTeid = 	 {},
  issue =	 {2},
  OPTmonth = 	 {},
  pages =	 {129--162},
  OPTversion = 	 {},
  OPTnote = 	 {},
  OPTissn = 	 {},
  OPTaddendum =  {},
  OPTpubstate =  {},
  doi =		 {10.1075/aplv.1.2.02mea},
  OPTeprint = 	 {},
  OPTeprintclass = {},
  OPTeprinttype = {},
  OPTurl = 	 {},
  OPTurldate = 	 {},
  OPTannote = 	 {}
}

@Article{donaticecchetto11,
  author = 	 {Caterina Donati and Carlo Cecchetto},
  title = 	 {Relabeling Heads: {A} Unified Account for Relativization Structures},
  journaltitle = {Linguistic Inquiry},
  year =	 {2011},
  ALTdate = 	 {},
  OPTkey = 	 {},
  OPTseries = 	 {},
  volume =	 {42},
  number =	 {4},
  OPTeid = 	 {},
  OPTissue = 	 {},
  OPTmonth = 	 {Fall},
  pages =	 {519--560},
  OPTdoi = 	 {},
  OPTeprint = 	 {},
  OPTeprintclass = {},
  OPTeprinttype = {},
  OPTurl = 	 {},
  OPTurldate = 	 {},
  OPTannote = 	 {}
}

@Book{cecchettodonati15,
  author = 	 {Carlo Cecchetto and Caterina Donati},
  title = 	 {({Re})labeling},
  year =	 {2015},
  ALTdate = 	 {},
  OPTkey = 	 {},
  OPTedition = 	 {},
  OPTvolumes = 	 {},
  series =	 {Linguistic Inquiry Monographs},
  number =	 {70},
  OPTnote = 	 {},
  publisher =	 {MIT Press},
  location =	 {Cambridge, MA},
  OPTisbn = 	 {},
  OPTpagetotal = {},
  OPTdoi = 	 {},
  OPTeprint = 	 {},
  OPTeprintclass = {},
  OPTeprinttype = {},
  OPTurl = 	 {},
  OPTurldate = 	 {},
  OPTannote = 	 {}
}

@Book{keine10,
  author = 	 {Stefan Keine},
  title = 	 {Case and Agreement from Fringe to Core: {A} {Minimalist} Approach},
  year =	 {2010},
  ALTdate = 	 {},
  OPTkey = 	 {},
  OPTeditor = 	 {},
  OPTeditora = 	 {},
  OPTeditorb = 	 {},
  OPTeditorc = 	 {},
  OPTtranslator = {},
  OPTannotator = {},
  OPTcommentator = {},
  OPTintroduction = {},
  OPTforeword =  {},
  OPTafterword = {},
  OPTsubtitle =  {},
  OPTtitleaddon = {},
  OPTmaintitle = {},
  OPTmainsubtitle = {},
  OPTmaintitleaddon = {},
  OPTlanguage =  {},
  OPToriglanguage = {},
  OPTvolume = 	 {},
  OPTpart = 	 {},
  OPTedition = 	 {},
  OPTvolumes = 	 {},
  series =	 {Linguistische Arbeiten},
  number =	 {536},
  OPTnote = 	 {},
  publisher =	 {De Gruyter},
  location =	 {Berlin/New York},
  OPTisbn = 	 {},
  OPTchapter = 	 {},
  OPTpages = 	 {},
  OPTpagetotal = {},
  OPTaddendum =  {},
  OPTpubstate =  {},
  OPTdoi = 	 {},
  OPTeprint = 	 {},
  OPTeprintclass = {},
  OPTeprinttype = {},
  OPTurl = 	 {},
  OPTurldate = 	 {},
  OPTannote = 	 {}
}

@Thesis{hamilton96,
  author = 	 {Philip James Hamilton},
  title = 	 {Phonetic Constraints and Markedness in the Phonotactics of {Australian} {Aboriginal} Languages},
  type = 	 {PhD thesis},
  institution =  {University of Toronto},
  year =	 {1996},
  ALTdate = 	 {},
  OPTkey = 	 {},
  OPTsubtitle =  {},
  OPTtitleaddon = {},
  OPTlanguage =  {},
  OPTnote = 	 {},
  OPTlocation =  {},
  OPTmonth = 	 {},
  OPTisbn = 	 {},
  OPTchapter = 	 {},
  OPTpages = 	 {},
  OPTpagetotal = {},
  OPTaddendum =  {},
  OPTpubstate =  {},
  OPTdoi = 	 {},
  OPTeprint = 	 {},
  OPTeprintclass = {},
  OPTeprinttype = {},
  OPTurl = 	 {},
  OPTurldate = 	 {},
  OPTannote = 	 {}
}

@Book{spe68,
  author = 	 {Noam Chomsky and Morris Halle},
  title = 	 {The sound patterns of {English}},
  year =	 {1968},
  ALTdate = 	 {},
  OPTkey = 	 {},
  OPTeditor = 	 {},
  OPTeditora = 	 {},
  OPTeditorb = 	 {},
  OPTeditorc = 	 {},
  OPTtranslator = {},
  OPTannotator = {},
  OPTcommentator = {},
  OPTintroduction = {},
  OPTforeword =  {},
  OPTafterword = {},
  OPTsubtitle =  {},
  OPTtitleaddon = {},
  OPTmaintitle = {},
  OPTmainsubtitle = {},
  OPTmaintitleaddon = {},
  OPTlanguage =  {},
  OPToriglanguage = {},
  OPTvolume = 	 {},
  OPTpart = 	 {},
  OPTedition = 	 {},
  OPTvolumes = 	 {},
  OPTseries = 	 {},
  OPTnumber = 	 {},
  OPTnote = 	 {},
  publisher =	 {Harper and Row},
  location =	 {New York, NY},
  OPTisbn = 	 {},
  OPTchapter = 	 {},
  OPTpages = 	 {},
  OPTpagetotal = {},
  OPTaddendum =  {},
  OPTpubstate =  {},
  OPTdoi = 	 {},
  OPTeprint = 	 {},
  OPTeprintclass = {},
  OPTeprinttype = {},
  OPTurl = 	 {},
  OPTurldate = 	 {},
  OPTannote = 	 {}
}

@Article{hayeswilson08,
  author = 	 {Bruce Hayes and Colin Wilson},
  title = 	 {A Maximum Entropy Model of Phonotactics and Phonotactic Learning},
  journaltitle = {Linguistic Inquiry},
  year =	 {2008},
  ALTdate = 	 {},
  OPTkey = 	 {},
  OPTtranslator = {},
  OPTannotator = {},
  OPTcommentator = {},
  OPTsubtitle =  {},
  OPTtitleaddon = {},
  OPTeditor = 	 {},
  OPTeditora = 	 {},
  OPTeditorb = 	 {},
  OPTeditorc = 	 {},
  OPTjournalsubtitle = {},
  OPTissuetitle = {},
  OPTissuesubtitle = {},
  OPTlanguage =  {},
  OPToriglanguage = {},
  OPTseries = 	 {},
  volume =	 {39},
  number =	 {3},
  OPTeid = 	 {},
  OPTissue = 	 {},
  OPTmonth = 	 {},
  pages =	 {379--440},
  OPTversion = 	 {},
  OPTnote = 	 {},
  OPTissn = 	 {},
  OPTaddendum =  {},
  OPTpubstate =  {},
  OPTdoi = 	 {},
  OPTeprint = 	 {},
  OPTeprintclass = {},
  OPTeprinttype = {},
  OPTurl = 	 {},
  OPTurldate = 	 {},
  OPTannote = 	 {}
}

@Book{stassen85,
  author = 	 {Leon Stassen},
  title = 	 {Comparison and {Universal} {Grammar}},
  year =	 {1985},
  ALTdate = 	 {},
  OPTkey = 	 {},
  OPTedition = 	 {},
  OPTvolumes = 	 {},
  OPTseries = 	 {},
  OPTnumber = 	 {},
  OPTnote = 	 {},
  publisher =	 {Basil Blackwell},
  location =	 {Oxford},
  OPTisbn = 	 {},
  OPTchapter = 	 {},
  OPTpages = 	 {},
  OPTpagetotal = {},
  OPTaddendum =  {},
  OPTpubstate =  {},
  OPTdoi = 	 {},
  OPTeprint = 	 {},
  OPTeprintclass = {},
  OPTeprinttype = {},
  OPTurl = 	 {},
  OPTurldate = 	 {},
  OPTannote = 	 {}
}

@Book{stassen09,
  author = 	 {Leon Stassen},
  title = 	 {Predicative Possession},
  year =	 {2009},
  ALTdate = 	 {},
  OPTkey = 	 {},
  OPTvolume = 	 {},
  OPTpart = 	 {},
  OPTedition = 	 {},
  OPTvolumes = 	 {},
  OPTseries = 	 {},
  OPTnumber = 	 {},
  OPTnote = 	 {},
  publisher =	 {Oxford University Press},
  location =	 {Oxford/New York},
  OPTdoi = 	 {},
  OPTeprint = 	 {},
  OPTeprintclass = {},
  OPTeprinttype = {},
  OPTurl = 	 {},
  OPTurldate = 	 {},
  OPTannote = 	 {}
}

@inbook{wals-117,
  address   = {Leipzig},
  author    = {Leon Stassen},
  booktitle = {The World Atlas of Language Structures Online},
  editor    = {Matthew S. Dryer and Martin Haspelmath},
  publisher = {Max Planck Institute for Evolutionary Anthropology},
  title     = {Predicative Possession},
  url       = {http://wals.info/chapter/117},
  year      = {2013}
}

@inbook{wals-120,
  address   = {Leipzig},
  author    = {Leon Stassen},
  booktitle = {The World Atlas of Language Structures Online},
  editor    = {Matthew S. Dryer and Martin Haspelmath},
  publisher = {Max Planck Institute for Evolutionary Anthropology},
  title     = {Zero Copula for Predicate Nominals},
  url       = {http://wals.info/chapter/120},
  year      = {2013}
}

@article{bochnak15,
	Author = {M. Ryan Bochnak},
	Title = {The {Degree} {Semantics} {Parameter} and cross-linguistic variation},
	Journal = {Semantics and Pragmatics},
	Volume = {8},
	Number = {6},
	Month = {3},
	Pages = {1--48},
	DOI = {10.3765/sp.8.6},
	Keywords = {comparison, degrees, gradability, vagueness, cross-linguistic variation, Washo},
	Year = {2015}
}

@PhdThesis{louagie17diss,
  author = 	 {Dana Louagie},
  title = 	 {A typological study of noun phrase structures in {Australian} languages},
  school = 	 {KU Leuven},
  year = 	 {2017},
  OPTkey = 	 {},
  OPTtype = 	 {},
  OPTaddress = 	 {},
  OPTmonth = 	 {},
  OPTnote = 	 {},
  OPTannote = 	 {}
}

@Article{louagieverstraete16,
  author = 	 {Dana Louagie and Jean-Christophe Verstraete},
  title = 	 {Noun phrase constituency in {Australian} languages: {A} typological study},
  journaltitle = {Linguistic Typology},
  year =	 {2016},
  ALTdate = 	 {},
  OPTkey = 	 {},
  OPTtranslator = {},
  OPTannotator = {},
  OPTcommentator = {},
  OPTsubtitle =  {},
  OPTtitleaddon = {},
  OPTeditor = 	 {},
  OPTeditora = 	 {},
  OPTeditorb = 	 {},
  OPTeditorc = 	 {},
  OPTjournalsubtitle = {},
  OPTissuetitle = {},
  OPTissuesubtitle = {},
  OPTlanguage =  {},
  OPToriglanguage = {},
  OPTseries = 	 {},
  volume =	 {20},
  number =	 {1},
  OPTeid = 	 {},
  OPTissue = 	 {},
  OPTmonth = 	 {},
  pages =	 {25--80},
  OPTversion = 	 {},
  OPTnote = 	 {},
  OPTissn = 	 {},
  OPTaddendum =  {},
  OPTpubstate =  {},
  doi =		 {10.1515/lingty-2016-0002},
  OPTeprint = 	 {},
  OPTeprintclass = {},
  OPTeprinttype = {},
  OPTurl = 	 {},
  OPTurldate = 	 {},
  OPTannote = 	 {}
}

@Article{lichtenberk2000,
  author = 	 {Frantisek Lichtenberk},
  title = 	 {Inclusory Pronominals},
  journaltitle = {Oceanic Linguistics},
  year =	 {2000},
  ALTdate = 	 {},
  OPTkey = 	 {},
  OPTtranslator = {},
  OPTannotator = {},
  OPTcommentator = {},
  OPTsubtitle =  {},
  OPTtitleaddon = {},
  OPTeditor = 	 {},
  OPTeditora = 	 {},
  OPTeditorb = 	 {},
  OPTeditorc = 	 {},
  OPTjournalsubtitle = {},
  OPTissuetitle = {},
  OPTissuesubtitle = {},
  OPTlanguage =  {},
  OPToriglanguage = {},
  OPTseries = 	 {},
  volume =	 {39},
  number =	 {1},
  OPTeid = 	 {},
  OPTissue = 	 {},
  OPTmonth = 	 {},
  pages =	 {1--32},
  OPTversion = 	 {},
  OPTnote = 	 {},
  OPTissn = 	 {},
  OPTaddendum =  {},
  OPTpubstate =  {},
  doi =		 {10.1353/ol.2000.0006},
  OPTeprint = 	 {},
  OPTeprintclass = {},
  OPTeprinttype = {},
  OPTurl = 	 {},
  OPTurldate = 	 {},
  OPTannote = 	 {}
}

@article{barwisecooper81,
	volume = {4},
	journal = {Linguistics and Philosophy},
	pages = {159--219},
	title = {Generalized Quantifiers and Natural Language},
	author = {Jon Barwise and Robin Cooper},
	number = {2},
	year = {1981},
	publisher = {Springer}
}

@inbook{wals-23,
  title     = {Locus of Marking in the Clause},
  address   = {Leipzig},
  author    = {Johanna Nichols and Balthasar Bickel},
  booktitle = {The World Atlas of Language Structures Online},
  editor    = {Matthew S. Dryer and Martin Haspelmath},
  publisher = {Max Planck Institute for Evolutionary Anthropology},
  url       = {http://wals.info/chapter/23},
  year      = {2013}
}

@inbook{wals-24,
  title     = {Locus of Marking in Possessive Noun Phrases},
  address   = {Leipzig},
  author    = {Johanna Nichols and Balthasar Bickel},
  booktitle = {The World Atlas of Language Structures Online},
  editor    = {Matthew S. Dryer and Martin Haspelmath},
  publisher = {Max Planck Institute for Evolutionary Anthropology},
  url       = {http://wals.info/chapter/24},
  year      = {2013}
}

@inbook{wals-59,
  title     = {Possessive Classification},
  address   = {Leipzig},
  author    = {Johanna Nichols and Balthasar Bickel},
  booktitle = {The World Atlas of Language Structures Online},
  editor    = {Matthew S. Dryer and Martin Haspelmath},
  publisher = {Max Planck Institute for Evolutionary Anthropology},
  url       = {http://wals.info/chapter/59},
  year      = {2013}
}

@Article{wittenbergetal14,
  author = 	 {Eva Wittenberg and Martin Paczynski and Heike Wiese and Ray Jackendoff and Gina Kuperberg},
  title = 	 {The difference between ``giving a rose'' and ``giving a kiss'': {Sustained} neural activity to the light verb construction},
  journaltitle = {Journal of Memory and Language},
  year =	 {2014},
  ALTdate = 	 {},
  OPTkey = 	 {},
  OPTtranslator = {},
  OPTannotator = {},
  OPTcommentator = {},
  OPTsubtitle =  {},
  OPTtitleaddon = {},
  OPTeditor = 	 {},
  OPTeditora = 	 {},
  OPTeditorb = 	 {},
  OPTeditorc = 	 {},
  OPTjournalsubtitle = {},
  OPTissuetitle = {},
  OPTissuesubtitle = {},
  OPTlanguage =  {},
  OPToriglanguage = {},
  OPTseries = 	 {},
  OPTvolume = 	 {},
  OPTnumber = 	 {},
  OPTeid = 	 {},
  OPTissue = 	 {},
  OPTmonth = 	 {},
  pages =	 {31--42},
  OPTversion = 	 {},
  OPTnote = 	 {},
  OPTissn = 	 {},
  OPTaddendum =  {},
  OPTpubstate =  {},
  doi =		 {10.1016/j.jml.2014.02.002},
  OPTeprint = 	 {},
  OPTeprintclass = {},
  OPTeprinttype = {},
  OPTurl = 	 {},
  OPTurldate = 	 {},
  OPTannote = 	 {}
}

@Article{mccoonlove11,
  author = 	 {Gail McCoon and Jessica Love},
  title = 	 {Verbs in the lexicon: {Why} is hitting easier than breaking?},
  journaltitle = {Language and Cognition},
  year =	 {2011},
  ALTdate = 	 {},
  OPTkey = 	 {},
  OPTtranslator = {},
  OPTannotator = {},
  OPTcommentator = {},
  OPTsubtitle =  {},
  OPTtitleaddon = {},
  OPTeditor = 	 {},
  OPTeditora = 	 {},
  OPTeditorb = 	 {},
  OPTeditorc = 	 {},
  OPTjournalsubtitle = {},
  OPTissuetitle = {},
  OPTissuesubtitle = {},
  OPTlanguage =  {},
  OPToriglanguage = {},
  OPTseries = 	 {},
  volume =	 {3},
  number =	 {2},
  OPTeid = 	 {},
  OPTissue = 	 {},
  OPTmonth = 	 {},
  pages =	 {313--330},
  OPTversion = 	 {},
  OPTnote = 	 {},
  OPTissn = 	 {},
  OPTaddendum =  {},
  OPTpubstate =  {},
  OPTdoi = 	 {},
  OPTeprint = 	 {},
  OPTeprintclass = {},
  OPTeprinttype = {},
  OPTurl = 	 {},
  OPTurldate = 	 {},
  OPTannote = 	 {}
}

@Article{moulton15,
  author = 	 {Keir Moulton},
  title = 	 {{CPs}: {Copies} and Compositionality},
  journaltitle = {Linguistic Inquiry},
  year =	 {2015},
  ALTdate = 	 {},
  OPTkey = 	 {},
  OPTseries = 	 {},
  volume =	 {46},
  number =	 {2},
  OPTeid = 	 {},
  OPTissue = 	 {},
  OPTmonth = 	 {},
  pages =	 {305--342},
  OPTversion = 	 {},
  OPTnote = 	 {},
  OPTissn = 	 {},
  OPTaddendum =  {},
  OPTpubstate =  {},
  OPTdoi = 	 {},
  OPTeprint = 	 {},
  OPTeprintclass = {},
  OPTeprinttype = {},
  OPTurl = 	 {},
  OPTurldate = 	 {},
  OPTannote = 	 {}
}

@Unpublished{elliott16,
  author = 	 {Patrick D. Elliott},
  title = 	 {Explaining {DPs} vs.\ {CPs} without Syntax},
  year =	 {2016},
  ALTdate = 	 {},
  OPTkey = 	 {},
  howpublished = {Talk at CLS 52},
  OPTnote = 	 {},
  OPTlocation =  {},
  OPTisbn = 	 {},
  OPTdate = 	 {},
  OPTmonth = 	 {},
  OPTyear = 	 {},
  OPTaddendum =  {},
  OPTpubstate =  {},
  url =		 {http://patrickdelliott.com/documents/cls52.pdf},
  urldate =	 {07/2017},
  OPTannote = 	 {}
}

@InReference{mikkelsen11,
  author = 	 {Line Mikkelsen},
  editor = 	 {Klaus von Heusinger and Claudia Maienborn and Paul Portner},
  title = 	 {Copular clauses},
  year =	 {2011},
  ALTdate = 	 {},
  booktitle = 	 {Semantics},
  OPTkey = 	 {},
  OPTeditora = 	 {},
  OPTeditorb = 	 {},
  OPTeditorc = 	 {},
  OPTtranslator = {},
  OPTannotator = {},
  OPTcommentator = {},
  OPTintroduction = {},
  OPTforeword =  {},
  OPTafterword = {},
  OPTsubtitle =  {},
  OPTtitleaddon = {},
  OPTmaintitle = {},
  OPTmainsubtitle = {},
  OPTmaintitleaddon = {},
  OPTbooksubtitle = {},
  OPTbooktitleaddon = {},
  OPTlanguage =  {},
  OPToriglanguage = {},
  volume =	 {33/2},
  OPTpart = 	 {},
  OPTedition = 	 {},
  OPTvolumes = 	 {},
  series =	 {HSK},
  OPTnumber = 	 {},
  OPTnote = 	 {},
  OPTpublisher = {},
  OPTlocation =  {},
  OPTisbn = 	 {},
  chapter =	 {68},
  pages =	 {1805--1829},
  OPTaddendum =  {},
  OPTpubstate =  {},
  OPTdoi = 	 {},
  OPTeprint = 	 {},
  OPTeprintclass = {},
  OPTeprinttype = {},
  OPTurl = 	 {},
  OPTurldate = 	 {},
  OPTannote = 	 {}
}

@Thesis{stowell81,
  author = 	 {Timothy Stowell},
  title = 	 {Origins of phrase structure},
  type = 	 {PhD thesis},
  institution =  {MIT},
  year =	 {1981},
  ALTdate = 	 {},
  OPTkey = 	 {},
  OPTannote = 	 {}
}

@Article{mccloskey91,
  author = 	 {James McCloskey},
  title = 	 {\textit{There}, \textit{it}, and {Agreement}},
  journaltitle = {Linguistic Inquiry},
  year =	 {1991},
  ALTdate = 	 {},
  OPTkey = 	 {},
  OPTseries = 	 {},
  volume =	 {22},
  number =	 {3},
  OPTeid = 	 {},
  OPTissue = 	 {},
  OPTmonth = 	 {},
  pages =	 {563--567},
  OPTversion = 	 {},
  OPTannote = 	 {}
}

@InProceedings{chavespaperno07,
  author = 	 {Rui P. Chaves and Denis Paperno},
  title = 	 {On The {Russian} Hybrid Coordination Construction},
  year =	 {2007},
  ALTdate = 	 {},
  OPTcrossref =  {},
  OPTkey = 	 {},
  booktitle =	 {Proceedings of the 14th International Conference on {Head}-{Driven} {Phrase} {Structure} {Grammar}},
  editor =	 {Stefan M{\"u}ller},
  OPTsubtitle =  {},
  OPTtitleaddon = {},
  OPTmaintitle = {},
  OPTmainsubtitle = {},
  OPTmaintitleaddon = {},
  OPTbooksubtitle = {},
  OPTbooktitleaddon = {},
  OPTeventtitle = {},
  OPTeventdate = {},
  OPTvenue = 	 {},
  OPTlanguage =  {},
  OPTvolume = 	 {},
  OPTpart = 	 {},
  OPTvolumes = 	 {},
  OPTseries = 	 {},
  OPTnumber = 	 {},
  OPTnote = 	 {},
  OPTorganization = {},
  publisher =	 {CSLI},
  location =	 {Stanford},
  OPTmonth = 	 {},
  OPTisbn = 	 {},
  OPTchapter = 	 {},
  pages =	 {46--64},
  OPTaddendum =  {},
  OPTpubstate =  {},
  OPTdoi = 	 {},
  OPTeprint = 	 {},
  OPTeprintclass = {},
  OPTeprinttype = {},
  OPTurl = 	 {},
  OPTurldate = 	 {},
  OPTannote = 	 {}
}

@Book{brandtler12,
  author = 	 {Johan Brandtler},
  title = 	 {The {Evaluability} {Hypothesis}: {The} syntax, semantics and pragmatics of polarity item licensing},
  year =	 {2012},
  ALTdate = 	 {},
  OPTkey = 	 {},
  OPTvolumes = 	 {},
  series =	 {Linguistik Aktuell},
  number =	 {183},
  OPTnote = 	 {},
  publisher =	 {John Benjamins Publishing Company},
  location =	 {Amsterdam/Philadelphia},
  OPTisbn = 	 {},
  OPTdoi = 	 {},
  OPTeprint = 	 {},
  OPTeprintclass = {},
  OPTeprinttype = {},
  OPTurl = 	 {},
  OPTurldate = 	 {},
  OPTannote = 	 {}
}

@Thesis{chernova14,
  author = 	 {Ekaterina Chernova},
  title = 	 {The syntax of \textit{wh}-movement in multiple (true and echo) questions: {A} {Q}-particle approach},
  type = 	 {PhD thesis},
  institution =  {Universitat de Girona},
  year =	 {2014},
  ALTdate = 	 {},
  OPTkey = 	 {},
  OPTsubtitle =  {},
  OPTtitleaddon = {},
  OPTurl = 	 {},
  OPTurldate = 	 {},
  OPTannote = 	 {}
}

@Online{praat,
  author =	 {Paul Boersma and David Weenink},
  ALTeditor = 	 {},
  title = 	 {Praat: doing phonetics by computer [{Computer} program]},
  year =	 {2016},
  ALTdate = 	 {},
  url = 	 {http://www.praat.org},
  OPTkey = 	 {},
  OPTsubtitle =  {},
  OPTtitleaddon = {},
  OPTlanguage =  {},
  version =	 {6.0.19},
  OPTnote = 	 {},
  OPTorganization = {},
  OPTdate = 	 {},
  OPTmonth = 	 {},
  OPTyear = 	 {},
  OPTaddendum =  {},
  OPTpubstate =  {},
  urldate =	 {2016-07},
  OPTannote = 	 {}
}

@Thesis{zavitnevich02,
  author = 	 {Olga Zavitnevich},
  title = 	 {\textit{Wh}-Movement: The {Minimalist} Approach},
  type = 	 {PhD thesis},
  institution =  {University of Cambridge},
  year =	 {2002},
  ALTdate = 	 {},
  OPTkey = 	 {},
  OPTurl = 	 {},
  OPTurldate = 	 {},
  OPTannote = 	 {}
}

@InProceedings{stepanov98,
  author = 	 {Artur Stepanov},
  title = 	 {On \textit{Wh}-Fronting in {Russian}},
  year =	 {1998},
  ALTdate = 	 {},
  OPTcrossref =  {},
  OPTkey = 	 {},
  booktitle =	 {Proceedings of the NELS 28},
  editor =	 {P. N. Tamanji and K. Kusumoto},
  OPTsubtitle =  {},
  publisher =	 {GLSA},
  location =	 {Amherst, MA},
  OPTmonth = 	 {},
  OPTisbn = 	 {},
  OPTchapter = 	 {},
  pages =	 {453--467},
  OPTurl = 	 {},
  OPTurldate = 	 {},
  OPTannote = 	 {}
}

@InCollection{ultan78,
  author = 	 {Russell Ultan},
  title = 	 {The Nature of Future Tenses},
  year =	 {1978},
  ALTdate = 	 {},
  OPTcrossref =  {},
  OPTkey = 	 {},
  booktitle =	 {Word structure},
  editor =	 {Joseph H. Greenberg},
  editora =	 {Charles A. Ferguson},
  editorb =	 {Edith A. Moravcsik},
  OPTeditorc = 	 {},
  OPTtranslator = {},
  OPTannotator = {},
  OPTcommentator = {},
  OPTintroduction = {},
  OPTforeword =  {},
  OPTafterword = {},
  OPTsubtitle =  {},
  OPTtitleaddon = {},
  maintitle =	 {Universals of Human Language},
  OPTmainsubtitle = {},
  OPTmaintitleaddon = {},
  OPTbooksubtitle = {},
  OPTbooktitleaddon = {},
  OPTlanguage =  {},
  OPToriglanguage = {},
  volume =	 {3},
  OPTpart = 	 {},
  OPTedition = 	 {},
  OPTvolumes = 	 {},
  OPTseries = 	 {},
  OPTnumber = 	 {},
  OPTnote = 	 {},
  publisher =	 {Stanford University Press},
  location =	 {Stanford CA},
  OPTisbn = 	 {},
  OPTchapter = 	 {},
  pages =	 {83--123},
  OPTaddendum =  {},
  OPTpubstate =  {},
  OPTdoi = 	 {},
  OPTeprint = 	 {},
  OPTeprintclass = {},
  OPTeprinttype = {},
  OPTurl = 	 {},
  OPTurldate = 	 {},
  OPTannote = 	 {}
}

@Book{dahl85,
  author = 	 {\"{O}sten Dahl},
  title = 	 {Tense and Aspect Systems},
  year =	 {1985},
  ALTdate = 	 {},
  OPTkey = 	 {},
  OPTseries = 	 {},
  OPTnumber = 	 {},
  OPTnote = 	 {},
  publisher =	 {Basil Blackwell},
  OPTlocation =  {},
  OPTisbn = 	 {},
  OPTchapter = 	 {},
  OPTpages = 	 {},
  OPTpagetotal = {},
  OPTurl = 	 {},
  OPTurldate = 	 {},
  OPTannote = 	 {}
}

@Thesis{eather90,
  author = 	 {Bronwyn Eather},
  title = 	 {A Grammar of {Nakkara} ({Central} {Arnhem} {Land} {Coast})},
  type = 	 {PhD thesis},
  institution =  {Australian National University},
  year =	 {1990},
  ALTdate = 	 {},
  OPTkey = 	 {},
  OPTannote = 	 {}
}

@Thesis{green95,
  author = 	 {Rebecca Green},
  title = 	 {A Grammar of {Gurr-goni} ({North} {Central} {Arnhem} {Land})},
  type = 	 {PhD thesis},
  institution =  {Australian National University},
  year =	 {1995},
  ALTdate = 	 {},
  OPTkey = 	 {},
  OPTannote = 	 {}
}

@Thesis{bishop02,
  author = 	 {Judith Bishop},
  title = 	 {Aspects of intonation and prosody in {Bininj} {Gun-wok}: an autosegmental-metrical analysis},
  type = 	 {PhD thesis},
  institution =  {University of Melbourne},
  year =	 {2002},
  ALTdate = 	 {},
  OPTkey = 	 {},
  OPTannote = 	 {}
}

@article{krifka08,
author = {Manfred Krifka},
title = {Basic notions of information structure},
journal = {Acta Linguistica Hungarica},
volume = {55},
issue = {3--4},
pages = {243--276},
year = {2008},
doi = {10.1556/ALing.55.2008.3-4.2}
}

@InCollection{chafe76,
  author = 	 {Wallace L. Chafe},
  title = 	 {Givenness,  contrastiveness,  definiteness,  subjects, topics and point of view},
  year =	 {1976},
  ALTdate = 	 {},
  OPTcrossref =  {},
  OPTkey = 	 {},
  booktitle =	 {Subject and Topic},
  editor =	 {Charles N. Li},
  OPTedition = 	 {},
  OPTvolumes = 	 {},
  OPTseries = 	 {},
  OPTnumber = 	 {},
  OPTnote = 	 {},
  publisher =	 {Academic Press},
  location =	 {New York},
  OPTisbn = 	 {},
  OPTchapter = 	 {},
  pages =	 {27--55},
  OPTaddendum =  {},
  OPTannote = 	 {}
}

@Book{osborne74,
  author = 	 {C. R. Osborne},
  title = 	 {The {Tiwi} language},
  year =	 {1974},
  ALTdate = 	 {},
  OPTkey = 	 {},
  OPTsubtitle =  {},
  titleaddon =	 {Grammar, myths and dictionary of the {Tiwi} language spoken on {Melville} and {Bathurst} {Islands}, northern {Australia}},
  OPTmaintitle = {},
  OPTmainsubtitle = {},
  OPTmaintitleaddon = {},
  OPTlanguage =  {},
  OPToriglanguage = {},
  OPTvolume = 	 {},
  OPTpart = 	 {},
  OPTedition = 	 {},
  OPTvolumes = 	 {},
  series =	 {Australian {Aboriginal} {Studies} No.~55 / {Linguistic} {Series} No.~21},
  OPTnumber = 	 {},
  OPTnote = 	 {},
  publisher =	 {Australian Institute of {Aboriginal} Studies},
  location =	 {Canberra},
  OPTannote = 	 {}
}

@Article{james82,
  author = 	 {Deborah James},
  title = 	 {Past tense and the hypothetical: A crosslinguistic study},
  journaltitle = {Studies in Language},
  year =	 {1982},
  ALTdate = 	 {},
  OPTkey = 	 {},
  OPToriglanguage = {},
  OPTseries = 	 {},
  volume =	 {6},
  OPTnumber = 	 {},
  OPTeid = 	 {},
  OPTissue = 	 {},
  OPTmonth = 	 {},
  pages =	 {375--403},
  OPTversion = 	 {},
  OPTnote = 	 {},
  OPTissn = 	 {},
  OPTaddendum =  {},
  OPTpubstate =  {},
  OPTdoi = 	 {},
  OPTeprint = 	 {},
  OPTeprintclass = {},
  OPTeprinttype = {},
  OPTurl = 	 {},
  OPTurldate = 	 {},
  OPTannote = 	 {}
}

@InCollection{bonehdoron10,
  author = 	 {Nora Boneh and Edit Doron},
  title = 	 {Modal and temporal aspects of habituality},
  year =	 {2010},
  ALTdate = 	 {},
  OPTcrossref =  {},
  OPTkey = 	 {},
  booktitle =	 {Syntax, lexical semantics, and event structure},
  editor =	 {Edit Doron and Malka Rappaport-Hovav and Ivy Sichel},
  OPTeditora = 	 {},
  OPTeditorb = 	 {},
  OPTeditorc = 	 {},
  OPTtranslator = {},
  OPTannotator = {},
  OPTcommentator = {},
  OPTintroduction = {},
  OPTforeword =  {},
  OPTafterword = {},
  OPTsubtitle =  {},
  OPTtitleaddon = {},
  OPTmaintitle = {},
  OPTmainsubtitle = {},
  OPTmaintitleaddon = {},
  OPTbooksubtitle = {},
  OPTbooktitleaddon = {},
  OPTlanguage =  {},
  OPToriglanguage = {},
  OPTvolume = 	 {},
  OPTpart = 	 {},
  OPTedition = 	 {},
  OPTvolumes = 	 {},
  OPTseries = 	 {},
  OPTnumber = 	 {},
  OPTnote = 	 {},
  publisher =	 {Oxford University Press},
  location =	 {Oxford},
  OPTisbn = 	 {},
  OPTchapter = 	 {},
  pages =	 {338--363},
  OPTannote = 	 {}
}

@Article{lazard06,
  author = 	 {Gilbert Lazard},
  title = 	 {More on counterfactuality, and on categories in general},
  journaltitle = {Linguistic Typology},
  year =	 {2006},
  ALTdate = 	 {},
  OPTkey = 	 {},
  OPToriglanguage = {},
  OPTseries = 	 {},
  volume =	 {10},
  OPTnumber = 	 {},
  OPTeid = 	 {},
  OPTissue = 	 {},
  OPTmonth = 	 {},
  pages =	 {61--66},
  OPTversion = 	 {},
  OPTnote = 	 {},
  OPTissn = 	 {},
  OPTaddendum =  {},
  OPTpubstate =  {},
  OPTdoi = 	 {},
  OPTeprint = 	 {},
  OPTeprintclass = {},
  OPTeprinttype = {},
  OPTurl = 	 {},
  OPTurldate = 	 {},
  OPTannote = 	 {}
}

@Article{hacquard09,
  author = 	 {Valentine Hacquard},
  title = 	 {On the interaction of aspect and modal auxiliaries},
  journaltitle = {Linguistics and Philosophy},
  year =	 {2009},
  OPTseries = 	 {},
  volume =	 {32},
  OPTnumber = 	 {},
  OPTeid = 	 {},
  OPTissue = 	 {},
  OPTmonth = 	 {},
  pages =	 {279--315},
  OPTversion = 	 {},
  OPTnote = 	 {},
  OPTissn = 	 {},
  OPTaddendum =  {},
  OPTpubstate =  {},
  doi =		 {10.1007/s10988-009-9061-6},
  OPTeprint = 	 {},
  OPTeprintclass = {},
  OPTeprinttype = {},
  OPTurl = 	 {},
  OPTurldate = 	 {},
  OPTannote = 	 {}
}

@Article{auweraplungian98,
  author = 	 {Johan Van Der Auwera and Vladimir A. Plungian},
  title = 	 {Modality's semantic map},
  journaltitle = {Linguistic Typology},
  year =	 {1998},
  ALTdate = 	 {},
  OPTkey = 	 {},
  OPTtranslator = {},
  OPTannotator = {},
  OPTcommentator = {},
  OPTsubtitle =  {},
  OPTtitleaddon = {},
  OPTeditor = 	 {},
  OPTeditora = 	 {},
  OPTeditorb = 	 {},
  OPTeditorc = 	 {},
  OPTjournalsubtitle = {},
  OPTissuetitle = {},
  OPTissuesubtitle = {},
  OPTlanguage =  {},
  OPToriglanguage = {},
  OPTseries = 	 {},
  volume =	 {2},
  OPTnumber = 	 {},
  OPTeid = 	 {},
  OPTissue = 	 {},
  OPTmonth = 	 {},
  pages =	 {79--124},
  OPTversion = 	 {},
  OPTnote = 	 {},
  OPTissn = 	 {},
  OPTaddendum =  {},
  OPTpubstate =  {},
  OPTdoi = 	 {},
  OPTeprint = 	 {},
  OPTeprintclass = {},
  OPTeprinttype = {},
  OPTurl = 	 {},
  OPTurldate = 	 {},
  OPTannote = 	 {}
}

@Article{freeze92,
  author = 	 {Ray Freeze},
  title = 	 {Existentials and Other Locatives},
  journaltitle = {Language},
  year =	 {1992},
  ALTdate = 	 {},
  OPTkey = 	 {},
  OPTseries = 	 {},
  volume =	 {68},
  number =	 {3},
  OPTeid = 	 {},
  OPTissue = 	 {},
  OPTmonth = 	 {Sep},
  pages =	 {553--595},
  OPTannote = 	 {}
}

@Thesis{ikwlg,
  author = 	 {Ivan Kapitonov},
  title = 	 {A Grammar of {Kunbarlang}},
  type = 	 {PhD thesis},
  institution =  {University of Melbourne},
  OPTyear =	 {\noop{3013}in~prep.},
  OPTdate = 	 {},
  OPTkey = 	 {},
  OPTsubtitle =  {},
  OPTtitleaddon = {},
  OPTlanguage =  {},
  OPTnote = 	 {},
  OPTlocation =  {},
  OPTmonth = 	 {},
  OPTisbn = 	 {},
  OPTchapter = 	 {},
  OPTpages = 	 {},
  OPTpagetotal = {},
  OPTaddendum =  {},
  pubstate =	 {in~prep.},
  OPTdoi = 	 {},
  OPTeprint = 	 {},
  OPTeprintclass = {},
  OPTeprinttype = {},
  OPTurl = 	 {},
  OPTurldate = 	 {},
  OPTannote = 	 {}
}

